%% This BibTeX bibliography file was created using BibDesk.
%% http://bibdesk.sourceforge.net/


%% Created for Noah Goodman at 2014-04-14 06:46:54 -0700 


%% Saved with string encoding Unicode (UTF-8) 



@article{neeleman2004degree,
	Author = {Neeleman, Ad and Van de Koot, Hans and Doetjes, Jenny},
	Date-Added = {2014-04-14 13:39:49 +0000},
	Date-Modified = {2014-04-14 13:39:49 +0000},
	Journal = {Linguistic review},
	Number = {1},
	Pages = {1--66},
	Publisher = {WALTER DE GRUYTER \& CO.},
	Title = {Degree expressions},
	Volume = {21},
	Year = {2004}}

@book{jaynes03,
	Author = {Jaynes, E.T..},
	Publisher = {Cambridge University Press},
	Title = {Probability Theory: The Logic of Science},
	Url = {http://omega.albany.edu:8008/JaynesBook.html},
	Year = {2003},
	Bdsk-Url-1 = {http://omega.albany.edu:8008/JaynesBook.html}}

@article{kratzer77,
	Author = {Kratzer, A.},
	Issn = {0165-0157},
	Journal = {Linguistics and Philosophy},
	Number = {3},
	Pages = {337--355},
	Publisher = {Springer},
	Title = {{What `must' and `can' must and can mean}},
	Volume = {1},
	Year = {1977}}

@article{barker05,
	Author = {Barker, Chris},
	Journal = {Linguistics and Philosophy},
	Number = {4},
	Pages = {447--472},
	Publisher = {Springer},
	Title = {Remark on Jacobson 1999: Crossover as a local constraint},
	Volume = {28},
	Year = {2005}}

@book{pietroski05,
	Author = {Pietroski, Paul M},
	Publisher = {Oxford University Press Oxford},
	Title = {Events and semantic architecture},
	Year = {2005}}

@article{perfors11,
	Author = {Perfors, Amy and Tenenbaum, Joshua B. and Regier, Terry},
	Journal = {Cognition},
	Number = {3},
	Pages = {306--338},
	Publisher = {Elsevier},
	Title = {The learnability of abstract syntactic principles},
	Volume = {118},
	Year = {2011}}

@book{adams75,
	Author = {Adams, Ernest W.},
	Publisher = {Springer},
	Title = {The logic of conditionals: An application of probability to deductive logic},
	Year = {1975}}

@article{sen69,
	Author = {Sen, Amartanya},
	Issn = {0034-6527},
	Journal = {The Review of Economic Studies},
	Number = {3},
	Pages = {381--393},
	Publisher = {JSTOR},
	Title = {{Quasi-transitivity, rational choice and collective decisions}},
	Volume = {36},
	Year = {1969}}

@article{kant1797,
	Author = {Kant, Immanuel},
	Journal = {Berliner Bl{\"a}tter},
	Title = {{{\"U}ber ein vermeintes Recht aus Menschenlieve zu l{\"u}gen}},
	Year = {1797}}

@book{thomson92,
	Author = {Thomson, J.J.},
	Isbn = {0674749499},
	Publisher = {Harvard University Press},
	Title = {{The Realm of Rights}},
	Year = {1992}}

@incollection{krifka07,
	Author = {Krifka, Manfred},
	Booktitle = {Working Papers of the SFB632, Interdisciplinary Studies on Information Structure},
	Editor = {Caroline F{`'e}ry and Gisbert Fanselow and Manfred Krifka},
	Pages = {13--36},
	Publisher = {Universit{\"a}tsverlag Potsdam},
	Title = {{Basic notions of information structure}},
	Volume = {6},
	Year = {2007}}

@article{harman93,
	Author = {Harman, Gilbert},
	Issn = {0031-8205},
	Journal = {Philosophy and Phenomenological Research},
	Number = {1},
	Pages = {181--185},
	Publisher = {JSTOR},
	Title = {{Stringency of Rights and ``Ought''}},
	Volume = {53},
	Year = {1993}}

@incollection{nozick69,
	Author = {Robert Nozick},
	Booktitle = {Essays in honor of Carl G. Hempel: A tribute on the occasion of his sixty-fifth birthday},
	Editor = {Nicholas Rescher},
	Pages = {114-115},
	Publisher = {D. Reidel},
	Title = {{Newcomb's problem and two principles of choice}},
	Year = {1969}}

@incollection{gibbardharper78,
	Author = {Gibbard, Allan and Harper, William L.},
	Booktitle = {Ifs: Conditionals, Belief, Decision, Chance, and Time},
	Editor = {Harper and Stalnaker and Pearce},
	Publisher = {D. Reidel},
	Title = {{Counterfactuals and two kinds of expected utility}},
	Year = {1978}}

@article{stalnaker73,
	Author = {Stalnaker, Robert},
	Doi = {10.1007/BF00262951},
	Journal = {Journal of Philosophical Logic},
	Number = {4},
	Pages = {447--457},
	Publisher = {Springer},
	Title = {Presuppositions},
	Volume = {2},
	Year = {1973},
	Bdsk-Url-1 = {http://dx.doi.org/10.1007/BF00262951}}

@incollection{egre11,
	Author = {{\'E}gr{\'e}, Paul},
	Booktitle = {Vagueness in Communication},
	Pages = {64--90},
	Publisher = {Springer},
	Title = {Perceptual ambiguity and the sorites},
	Year = {2011}}

@book{gazdar79,
	Author = {Gazdar, Gerald},
	Publisher = {Academic Press},
	Title = {Pragmatics: Implicature, presupposition, and logical form},
	Year = {1979}}

@article{lawry08,
	Author = {Lawry, Jonathan},
	Journal = {Synthese},
	Number = {2},
	Pages = {255--269},
	Publisher = {Springer},
	Title = {Appropriateness measures: an uncertainty model for vague concepts},
	Volume = {161},
	Year = {2008}}

@article{karttunen74,
	Author = {Karttunen, Lauri},
	Journal = {Theoretical Linguistics},
	Number = {1-3},
	Pages = {181--194},
	Publisher = {Walter de Gruyter},
	Title = {Presupposition and linguistic context},
	Volume = {1},
	Year = {1974}}

@article{kehler13,
	Author = {Andrew Kehler and Hannah Rohde},
	Journal = {Theoretical Linguistics \emph{(in press)}},
	Publisher = {Walter de Gruyter},
	Title = {A Probabilistic Reconciliation of Coherence-Driven and Centering-Driven Theories of Pronoun Interpretation},
	Year = {2013}}

@book{faginetal03,
	Author = {Fagin, Ronald and Halpern, Joseph Y. and Moses, Yoram and Vardi, Moshe Y.},
	Publisher = {MIT Press},
	Title = {{Reasoning About Knowledge}},
	Year = {2003}}

@conference{bochnak11,
	Author = {Bochnak, M.R.},
	Booktitle = {Semantics and {L}inguistic {T}heory {(SALT)} 20},
	Number = {0},
	Pages = {251--268},
	Title = {{Quantity and gradability across categories}},
	Year = {2011}}

@book{shoham09,
	Author = {Shoham, Yoav and Leyton-Brown, Kevin},
	Isbn = {0521899435},
	Publisher = {Cambridge University Press},
	Title = {{Multiagent systems: Algorithmic, game-theoretic, and logical foundations}},
	Year = {2009}}

@book{goldblatt87,
	Author = {Goldblatt, Robert},
	Isbn = {0937073121},
	Publisher = {CSLI Publications},
	Title = {{Logics of Time and Computation}},
	Year = {1987}}

@article{goldblatt03,
	Author = {Goldblatt, Robert},
	Issn = {1570-8683},
	Journal = {Journal of Applied Logic},
	Number = {5-6},
	Pages = {309--392},
	Publisher = {Elsevier},
	Title = {{Mathematical modal logic: a view of its evolution}},
	Volume = {1},
	Year = {2003}}

@article{nouwen10b,
	Author = {Nouwen, Rick},
	Journal = {Semantics and Pragmatics},
	Number = {3},
	Pages = {1--41},
	Title = {{Two kinds of modified numerals}},
	Volume = {3},
	Year = {2010}}

@book{gamut91,
	Author = {Gamut, L.T.F.},
	Publisher = {University of Chicago Press},
	Title = {Logic, Language, and Meaning, volume 1: Introduction to Logic},
	Volume = {1},
	Year = {1991}}

@incollection{kratzer91,
	Author = {A. Kratzer},
	Booktitle = {Semantics: An International Handbook of Contemporary Research},
	Editor = {von Stechow and Wunderlich},
	Publisher = {de Gruyter},
	Title = {Modality},
	Year = {1991}}

@article{Stuhlmueller2013,
	Author = {A. Stuhlmueller and N. D. Goodman},
	Journal = {Journal of Cognitive Systems Research},
	Title = {Reasoning about Reasoning by Nested Conditioning: Modeling Theory of Mind with Probabilistic Programs},
	Year = {to appear}}

@article{spivey2002eye,
	Author = {Spivey, Michael J and Tanenhaus, Michael K and Eberhard, Kathleen M and Sedivy, Julie C},
	Journal = {Cognitive Psychology},
	Number = {4},
	Pages = {447--481},
	Publisher = {Elsevier},
	Title = {Eye movements and spoken language comprehension: Effects of visual context on syntactic ambiguity resolution},
	Volume = {45},
	Year = {2002}}

@article{crain1985not,
	Author = {Crain, Stephen and Steedman, Mark},
	Booktitle = {Natural language parsing: Psychological, computational and theoretical perspectives},
	Editor = {D. R. Dowty, L. Karttunen and A. M. Zwicky},
	Pages = {320--358},
	Publisher = {Cambridge University Press},
	Title = {On not being led up the garden path: The use of context by the psychological parser},
	Year = {1985}}

@article{altmann1988interaction,
	Author = {Altmann, Gerry and Steedman, Mark},
	Journal = {Cognition},
	Number = {3},
	Pages = {191--238},
	Publisher = {Elsevier},
	Title = {Interaction with context during human sentence processing},
	Volume = {30},
	Year = {1988}}

@book{gallin75,
	Author = {Gallin, D.},
	Isbn = {072040360X},
	Publisher = {Elsevier},
	Title = {{Intensional and higher-order modal logic: with applications to Montague semantics}},
	Year = {1975}}

@article{villalta08,
	Author = {Villalta, Elisabeth},
	Journal = {Linguistics and Philosophy},
	Number = {4},
	Pages = {467--522},
	Publisher = {Springer},
	Title = {{Mood and gradability: An investigation of the subjunctive mood in Spanish}},
	Volume = {31},
	Year = {2008}}

@incollection{montague1973,
	Author = {Montague, Richard},
	Booktitle = {Approaches to Natural Language},
	Editor = {J. Hintikka and J. Moravcsik and P. Suppes},
	Pages = {221--242},
	Publisher = {Reidel},
	Title = {{The proper treatment of quantification in ordinary English}},
	Volume = {49},
	Year = {1973}}

@book{hintikka62,
	Author = {Hintikka, Jaako},
	Publisher = {Cornell University Press},
	Title = {{Knowledge and Belief: An Introduction to the Logic of the Two Notions}},
	Year = {1962}}

@book{kolmogorov33,
	Author = {Kolmogorov, Andrey},
	Publisher = {Julius Springer},
	Title = {{Grundbegriffe der Wahrscheinlichkeitsrechnung}},
	Year = {1933}}

@book{portner09,
	Author = {Portner, P.},
	Publisher = {Oxford University Press},
	Title = {{Modality}},
	Year = {2009}}

@book{horn89,
	Author = {Horn, Laurence},
	Publisher = {University of Chicago Press},
	Title = {{A Natural History of Negation}},
	Year = {1989}}

@book{labov72,
	Author = {Labov, William},
	Publisher = {University of Pennsylvania Press},
	Title = {{Sociolinguistic patterns}},
	Year = {1972}}

@article{kripke63,
	Author = {Kripke, Saul},
	Journal = {Acta philosophica fennica},
	Number = {1963},
	Pages = {83-94},
	Title = {{Semantical considerations on modal logic}},
	Volume = {16},
	Year = {1963}}

@article{wright75,
	Author = {Wright, Crispin},
	Journal = {Synthese},
	Number = {3},
	Pages = {325--365},
	Publisher = {Springer},
	Title = {On the coherence of vague predicates},
	Volume = {30},
	Year = {1975}}

@incollection{kamp81,
	Author = {Kamp, Hans},
	Booktitle = {Aspects of philosophical logic},
	Editor = {U. M\"onnich},
	Pages = {225--277},
	Publisher = {Springer},
	Title = {The paradox of the heap},
	Year = {1981}}

@article{graff00,
	Author = {Delia Graff},
	Journal = {Philosophical Topics},
	Pages = {45--81},
	Publisher = {Citeseer},
	Title = {{Shifting sands: An interest-relative theory of vagueness}},
	Volume = {20},
	Year = {2000}}

@inproceedings{kemptenenbaum03,
	Author = {Kemp, C. and Tenenbaum, J.B.},
	Booktitle = {Proceedings of the 25th annual conference of the cognitive science society},
	Organization = {Citeseer},
	Pages = {658--663},
	Title = {Theory-based induction},
	Year = {2003}}

@inproceedings{kemptenenbaum04,
	Author = {Kemp, C. and Perfors, A. and Tenenbaum, J.B.},
	Booktitle = {Proceedings of the 26th annual conference of the Cognitive Science Society},
	Organization = {Citeseer},
	Pages = {672--677},
	Title = {Learning domain structures},
	Year = {2004}}

@article{kemptenenbaum09,
	Author = {Kemp, C. and Tenenbaum, J.B.},
	Journal = {Psychological review},
	Number = {1},
	Pages = {20},
	Publisher = {American Psychological Association},
	Title = {Structured statistical models of inductive reasoning.},
	Volume = {116},
	Year = {2009}}

@inproceedings{sanjanatenenbaum03,
	Author = {Sanjana, N.E. and Tenenbaum, J.B.},
	Booktitle = {Advances in Neural Information Processing Systems 15: Proceedings of the 2002 Conference},
	Organization = {The MIT Press},
	Pages = {59},
	Title = {Bayesian models of inductive generalization},
	Volume = {15},
	Year = {2003}}

@article{heit98,
	Author = {Heit, E.},
	Journal = {Rational models of cognition},
	Pages = {248--274},
	Title = {A Bayesian analysis of some forms of inductive reasoning},
	Year = {1998}}

@article{evans03,
	Author = {Evans, J.S.B.T.},
	Journal = {Trends in cognitive sciences},
	Number = {10},
	Pages = {454--459},
	Publisher = {Elsevier},
	Title = {In two minds: Dual-process accounts of reasoning},
	Volume = {7},
	Year = {2003}}

@book{evans96,
	Author = {Evans, J.S.B.T. and Over, D.E.},
	Publisher = {Psychology Press},
	Title = {Rationality and reasoning},
	Year = {1996}}

@article{kehler08,
	Author = {Kehler, A. and Kertz, L. and Rohde, H. and Elman, J.L.},
	Journal = {Journal of Semantics},
	Number = {1},
	Pages = {1--44},
	Publisher = {Oxford Univ Press},
	Title = {Coherence and coreference revisited},
	Volume = {25},
	Year = {2008}}

@conference{schmidtetal09,
	Author = {Schmidt, Laura A. and Goodman, Noah D. and Barner, David and Tenenbaum, Joshua B.},
	Booktitle = {Proceedings of the 31st Annual Conference of the Cognitive Science Society},
	Title = {{How tall is \emph{Tall}? Compositionality, statistics, and gradable adjectives}},
	Year = {2009}}

@article{barnersnedeker08,
	Author = {Barner, David and Snedeker, Jesse},
	Issn = {1467-8624},
	Journal = {Child development},
	Number = {3},
	Pages = {594--608},
	Title = {{Compositionality and statistics in adjective acquisition: 4-year-olds interpret \emph{tall} and \emph{short} based on the size distributions of novel noun referents}},
	Volume = {79},
	Year = {2008}}

@article{frazeebeaver10,
	Author = {Joey Frazee and David Beaver},
	Journal = {Proceedings of the 17th Amsterdam Colloquium},
	Title = {{Vagueness is rational under uncertainty}},
	Year = {2010}}

@article{heim92,
	Author = {Heim, Irene},
	Issn = {0167-5133},
	Journal = {Journal of Semantics},
	Number = {3},
	Pages = {183},
	Title = {{Presupposition projection and the semantics of attitude verbs}},
	Volume = {9},
	Year = {1992}}

@article{hofmeistersag10,
	Author = {Hofmeister, Philip and Sag, Ivan A},
	Journal = {Language},
	Number = {2},
	Pages = {366},
	Publisher = {NIH Public Access},
	Title = {Cognitive constraints and island effects},
	Volume = {86},
	Year = {2010}}

@article{heim85,
	Author = {Heim, Irene},
	Journal = {\emph{Ms., University of Texas, Austin}},
	Title = {{Notes on comparatives and related matters}},
	Year = {1985}}

@incollection{chomsky77,
	Author = {Chomsky, Noam},
	Booktitle = {Formal Syntax},
	Editor = {Peter Culicover and Thomas Wasow and A. Akmajian},
	Publisher = {Academic Press},
	Title = {{On \emph{wh}-movement}},
	Volume = {132},
	Year = {1977}}

@article{barker02b,
	Author = {Barker, Chris},
	Journal = {Natural language semantics},
	Number = {3},
	Pages = {211--242},
	Publisher = {Springer},
	Title = {Continuations and the nature of quantification},
	Volume = {10},
	Year = {2002}}

@article{barker02,
	Author = {Barker, Chris},
	Journal = {Linguistics and Philosophy},
	Number = {1},
	Pages = {1--36},
	Publisher = {Springer},
	Title = {{The dynamics of vagueness}},
	Volume = {25},
	Year = {2002}}

@article{barker09,
	Author = {Barker, Chris},
	Journal = {Mind and Language},
	Number = {3},
	Pages = {253--273},
	Title = {{Clarity and the grammar of skepticism}},
	Volume = {24},
	Year = {2009}}

@article{cohen99,
	Author = {Cohen, Ariel},
	Journal = {Linguistics and Philosophy},
	Pages = {221--253},
	Title = {{Generics, frequency adverbs and probability}},
	Volume = {22},
	Year = {1999}}

@misc{davisetal07,
	Author = {Davis, Christopher and Potts, Christopher and Speas, Margaret},
	Note = {\emph{Semantics and {L}inguistic {T}heory {(SALT)} 17}},
	Title = {{The pragmatic values of evidential sentences}},
	Year = 2007}

@article{cimpian10,
	Author = {Cimpian, A. and Brandone, A.C. and Gelman, S.A.},
	Journal = {Cognitive science},
	Number = {8},
	Pages = {1452--1482},
	Publisher = {Wiley Online Library},
	Title = {Generic statements require little evidence for acceptance but have powerful implications},
	Volume = {34},
	Year = {2010}}

@book{bartschvennemann73,
	Author = {Bartsch, Renate and Vennemann, Theo},
	Publisher = {Athen{\"a}um},
	Title = {{Semantic structures: a study in the relation between semantics and syntax}},
	Year = {1973}}

@book{kratzer12,
	Author = {Kratzer, A.},
	Publisher = {Oxford University Press},
	Title = {{Modality and Conditionals: New and Revised Perspectives}},
	Year = {2012}}

@book{lewis73,
	Author = {Lewis, D.},
	Publisher = {Harvard University Press},
	Title = {{Counterfactuals}},
	Year = {1973}}

@article{rennie70,
	Author = {Rennie, M. K.},
	Journal = {Zeitschrift f{\"u}r mathematische Logik und Grundlagen der Mathematik},
	Pages = {175-186},
	Title = {{Models for Multiply Modal Systems}},
	Volume = {16},
	Year = {1970}}

@article{goble70,
	Author = {Goble, L.F.},
	Journal = {Logique et Analyse},
	Pages = {323-334},
	Title = {{Grades of modality}},
	Volume = {13},
	Year = {1970}}

@conference{pacuitsalame04,
	Author = {Pacuit, E. and Salame, S.},
	Booktitle = {Principles of Knowledge Representation and Reasoning},
	Pages = {598-605},
	Title = {{Majority logic}},
	Volume = {4},
	Year = {2004}}

@article{fine72,
	Author = {Fine, K.},
	Journal = {Notre Dame Journal of Formal Logic},
	Number = {4},
	Pages = {516-520},
	Title = {{In so many possible worlds}},
	Volume = {13},
	Year = {1972}}

@article{fine75,
	Author = {Fine, K.},
	Journal = {Synthese},
	Number = {3},
	Pages = {265--300},
	Publisher = {Springer},
	Title = {{Vagueness, truth and logic}},
	Volume = {30},
	Year = {1975}}

@incollection{mcnally11,
	Author = {McNally, Louise},
	Booktitle = {Vagueness in Communication},
	Pages = {151--168},
	Publisher = {Springer},
	Title = {The relative role of property type and scale structure in explaining the behavior of gradable adjectives},
	Year = {2011}}

@article{egrebarberousse13,
	Author = {Paul \'Egr\'e and Anouk Barberousse},
	Journal = {Erkenntnis},
	Title = {Borel on the Heap},
	Year = {to appear}}

@article{kennedymcnally05,
	Author = {Kennedy, C. and McNally, L.},
	Journal = {Language},
	Number = {2},
	Pages = {345-381},
	Title = {{Scale structure, degree modification, and the semantics of gradable predicates}},
	Volume = {81},
	Year = {2005}}

@inproceedings{tenenbaumgriffiths01b,
	Author = {Tenenbaum, Joshua B. and Griffiths, Tom L.},
	Booktitle = {Proceedings of the 23rd Annual Conference of the Cognitive Science Society},
	Editor = {Moore, J. D. and Stenning, K.},
	Pages = {1036--1041},
	Title = {The rational basis of representativeness},
	Url = {http://citeseerx.ist.psu.edu/viewdoc/download?doi=10.1.1.27.5273&rep=rep1&type=pdf},
	Year = {2001},
	Bdsk-Url-1 = {http://citeseerx.ist.psu.edu/viewdoc/download?doi=10.1.1.27.5273&rep=rep1&type=pdf}}

@article{tenenbaumgriffiths01,
	Author = {Tenenbaum, J.B. and Griffiths, T.L.},
	Journal = {Behavioral and Brain Sciences},
	Number = {4},
	Pages = {629--640},
	Publisher = {Cambridge Univ Press},
	Title = {Generalization, similarity, and Bayesian inference},
	Volume = {24},
	Year = {2001}}

@article{gig91,
	Author = {Gigerenzer, Gerd},
	Doi = {10.1080/14792779143000033},
	Issn = {1046-3283},
	Journal = {European Review of Social Psychology},
	Number = {1},
	Pages = {83--115},
	Publisher = {Psychology Press},
	Title = {{How to make cognitive illusions disappear: Beyond ``heuristics and biases''}},
	Volume = {2},
	Year = {1991},
	Bdsk-Url-1 = {http://dx.doi.org/10.1080/14792779143000033}}

@incollection{edwards68,
	Author = {Edwards, Ward},
	Booktitle = {Formal representation of human judgment},
	Editor = {B. Kleinmuntz},
	Pages = {17--52},
	Publisher = {New York: John Wiley and Sons},
	Title = {{Conservatism in human information processing}},
	Year = {1968}}

@incollection{horn06,
	Author = {Horn, Laurence},
	Booktitle = {Where Semantics Meets Pragmatics},
	Editor = {von Heusinger and Turner},
	Pages = {21--48},
	Publisher = {Emerald},
	Title = {{The border wars: A neo-Gricean perspective}},
	Year = {2006}}

@article{yalcin09,
	Author = {Seth Yalcin},
	Journal = {\emph{Talk presented at the Department of Linguistics, U.C. Berkeley}},
	Title = {{The language of probability}},
	Year = {2009}}

@article{unger71,
	Author = {Unger, Peter},
	Issn = {0031-8108},
	Journal = {The Philosophical Review},
	Number = {2},
	Pages = {198--219},
	Publisher = {JSTOR},
	Title = {{A defense of skepticism}},
	Volume = {80},
	Year = {1971}}

@article{mccready07,
	Author = {McCready, Eric and Ogata, Norry},
	Journal = {Linguistics and Philosophy},
	Number = {2},
	Pages = {147--206},
	Publisher = {Springer},
	Title = {Evidentiality, modality and probability},
	Volume = {30},
	Year = {2007}}

@article{teigen88b,
	Author = {Teigen, Karl},
	Journal = {Acta Psychologica},
	Pages = {157--174},
	Title = {{When are low-probability events judged to be `probable'? Effects of outcome-set characteristics on verbal probability estimates}},
	Volume = {68},
	Year = {1988}}

@incollection{kratzer81,
	Author = {A. Kratzer},
	Booktitle = {Words, Worlds, and Contexts},
	Date-Added = {2009-10-15 14:04:55 -0400},
	Date-Modified = {2009-10-15 14:25:53 -0400},
	Editor = {Eikmeyer and Rieser},
	Pages = {38-74},
	Publisher = {de Gruyter},
	Title = {The notional category of modality},
	Year = {1981}}

@incollection{ramsey26,
	Author = {Ramsey, F.P.},
	Booktitle = {The Foundations of Mathematics and other Logical Essays},
	Pages = {156--198},
	Title = {{Truth and probability}},
	Year = {1926}}

@book{halpern03,
	Author = {Halpern, Joseph Y.},
	Publisher = {MIT Press},
	Title = {{Reasoning about Uncertainty}},
	Year = {2003}}

@article{searle80,
	Author = {Searle, John R},
	Journal = {Behavioral and brain sciences},
	Number = {3},
	Pages = {417--457},
	Publisher = {Cambridge Univ Press},
	Title = {Minds, brains, and programs},
	Volume = {3},
	Year = {1980}}

@article{halpern97,
	Author = {Halpern, Joseph Y.},
	Journal = {Journal of Artificial Intelligence Research},
	Pages = {1--24},
	Title = {{Defining relative likelihood in partially-ordered preferential structures}},
	Volume = {7},
	Year = {1997}}

@article{halpern99,
	Author = {Halpern, Joseph Y.},
	Journal = {Journal of Artificial Intelligence Research},
	Pages = {429--435},
	Title = {{Cox's theorem revisited}},
	Volume = {11},
	Year = {1999}}

@article{popper59,
	Author = {Popper, Karl R.},
	Journal = {The British journal for the philosophy of science},
	Number = {37},
	Pages = {25--42},
	Publisher = {JSTOR},
	Title = {The propensity interpretation of probability},
	Volume = {10},
	Year = {1959}}

@article{rotsteinwinter04,
	Author = {Rotstein, Carmen and Winter, Yoad},
	Journal = {Natural Language Semantics},
	Number = {3},
	Pages = {259--288},
	Publisher = {Springer},
	Title = {{Total adjectives vs. partial adjectives: Scale structure and higher-order modifiers}},
	Volume = {12},
	Year = {2004}}

@inproceedings{vul09,
	Author = {Vul, E. and Goodman, N.D. and Griffiths, T.L. and Tenenbaum, J.B.},
	Booktitle = {Proceedings of the 31st Annual Meeting of the Cognitive Science Society},
	Pages = {148--153},
	Title = {One and done? Optimal decisions from very few samples},
	Year = {2009}}

@book{apostol62,
	Author = {Apostol, Tom M.},
	Publisher = {Blaisdell Publishing Co.},
	Title = {Calculus, volume {I}},
	Year = {1962}}

@incollection{cresswell76,
	Author = {Cresswell, M.J.},
	Booktitle = {Montague grammar},
	Editor = {B. Partee},
	Pages = {261--292},
	Publisher = {Academic Press},
	Title = {{The semantics of degree}},
	Year = {1976}}

@incollection{condoravdigawron96,
	Author = {Condoravdi, C. and Gawron, J.M.},
	Booktitle = {Quantifiers, Deduction, and Context},
	Editor = {M. Kanazawa and C. Pi{\~n}on and H. de Swart},
	Pages = {1--32},
	Publisher = {CSLI Publications},
	Title = {The context-dependency of implicit arguments},
	Year = {1996}}

@book{taylor2003linguistic,
	Author = {Taylor, John R},
	Publisher = {Oxford University Press},
	Title = {Linguistic categorization},
	Year = {2003}}

@incollection{partee79,
	Author = {Partee, B.},
	Booktitle = {Semantics from different points of view},
	Editor = {R. B\"aerle and U. Egli and A. von Stechow},
	Title = {Semantics \dash mathematics or psychology?},
	Year = {1979}}

@article{heitrotello12,
	Author = {Heit, E. and Rotello, C.M.},
	Journal = {Thinking \& Reasoning},
	Number = {3},
	Pages = {244--277},
	Publisher = {Taylor \& Francis},
	Title = {The pervasive effects of argument length on inductive reasoning},
	Volume = {18},
	Year = {2012}}

@book{dubois80,
	Author = {DuBois, D. and Prade, H.M.},
	Publisher = {Academic Press},
	Title = {Fuzzy Sets and Systems: Theory and Applications},
	Year = {1980}}

@article{oshersonsmith81,
	Author = {Osherson, Daniel N and Smith, Edward E},
	Journal = {Cognition},
	Number = {1},
	Pages = {35--58},
	Publisher = {Elsevier},
	Title = {On the adequacy of prototype theory as a theory of concepts},
	Volume = {9},
	Year = {1981}}

@misc{holliday12,
	Author = {Wesley H. Holliday and Icard, Thomas F. III},
	Note = {Manuscript, Stanford University and University of California at Berkeley},
	Title = {Logic, probability, and epistemic modality},
	Year = {2012}}

@inproceedings{goodman12,
	Author = {Goodman, N.D. and Stuhlm{\"u}ller, A.},
	Booktitle = {Proceedings of the Thirty-Fourth Annual Conference of the Cognitive Science Society},
	Title = {Knowledge and implicature: Modeling language understanding as social cognition},
	Year = {2012}}

@misc{stone97,
	Author = {Stone, Matthew},
	Note = {IRCS Technical Report Series},
	Title = {The anaphoric parallel between modality and tense},
	Year = {1997}}

@incollection{partee07,
	Author = {Partee, Barbara H},
	Booktitle = {Cognitive foundations of interpretation},
	Editor = {Gerlof Bouma and Irene Kr\"amer and Joost Zwarts},
	Pages = {145--161},
	Publisher = {University of Chicago Press},
	Title = {Compositionality and coercion in semantics: The dynamics of adjective meaning},
	Year = {2007}}

@incollection{partee95,
	Author = {Partee, Barbara},
	Booktitle = {An invitation to cognitive science},
	Editor = {Lila Gleitman and Mark Liberman},
	Pages = {311--360},
	Title = {Lexical semantics and compositionality},
	Volume = {1},
	Year = {1995}}

@article{kamppartee95,
	Author = {Kamp, Hans and Partee, Barbara},
	Journal = {Cognition},
	Number = {2},
	Pages = {129--191},
	Publisher = {Elsevier},
	Title = {Prototype theory and compositionality},
	Volume = {57},
	Year = {1995}}

@phdthesis{kennedy97,
	Author = {Kennedy, Chris},
	School = {U.C., Santa Cruz},
	Title = {{Projecting the adjective: The syntax and semantics of gradability and comparison}},
	Year = {1997}}

@article{landman89,
	Author = {Landman, Fred},
	Journal = {Linguistics and Philosophy},
	Number = {5},
	Pages = {559--605},
	Publisher = {Springer},
	Title = {Groups, i},
	Volume = {12},
	Year = {1989}}

@book{landman91,
	Author = {Landman, F.},
	Date-Added = {2009-06-17 22:38:07 -0400},
	Date-Modified = {2009-06-19 10:44:57 -0400},
	Publisher = {Dordrecht: Kluwer},
	Title = {Structures for Semantics},
	Year = {1991}}

@book{szabolcsi10,
	Author = {Szabolcsi, A.},
	Publisher = {Cambridge University Press},
	Title = {Quantification},
	Year = {2010}}

@book{szabolcsi97,
	Author = {Szabolcsi, A.},
	Date-Added = {2009-06-15 20:42:41 -0400},
	Date-Modified = {2009-06-19 10:45:09 -0400},
	Publisher = {Dordrecht: Kluwer},
	Title = {{Ways of scope taking}},
	Year = {1997}}

@book{rizzi90,
	Author = {Rizzi, Luigi},
	Date-Added = {2009-06-15 20:37:03 -0400},
	Date-Modified = {2009-06-19 10:44:42 -0400},
	Publisher = {Cambridge, MA: MIT Press},
	Title = {{Relativized Minimality}},
	Year = {1990}}

@incollection{smith10,
	Author = {Smith, N.},
	Booktitle = {{Cuts and Clouds: Vaguenesss, Its Nature and Its Logic}},
	Editor = {Dietz, R. and Moruzzi, S.},
	Publisher = {Oxford University Press},
	Title = {Degree of belief is expected truth value},
	Year = {2010}}

@article{schiffer02,
	Author = {Schiffer, S.},
	Journal = {No{\^u}s},
	Number = {1},
	Pages = {220--257},
	Publisher = {John Wiley \& Sons},
	Title = {{Vagueness and Partial Belief}},
	Volume = {34},
	Year = {2002}}

@phdthesis{rullmann95,
	Author = {Rullmann, Hotze},
	School = {University of Massachusetts, Amherst},
	Title = {{Maximality in the Semantics of \emph{wh}-constructions}},
	Year = {1995}}

@phdthesis{groenendijkstokhof84,
	Author = {Groenendijk, Jeroen and Stokhof, Martin},
	School = {University of Amsterdam},
	Title = {{Studies in the Semantics of Questions and the Pragmatics of Answers}},
	Year = {1984}}

@article{grosz95,
	Author = {Grosz, Barbara J and Weinstein, Scott and Joshi, Aravind K},
	Journal = {Computational linguistics},
	Number = {2},
	Pages = {203--225},
	Publisher = {MIT Press},
	Title = {Centering: A framework for modeling the local coherence of discourse},
	Volume = {21},
	Year = {1995}}

@book{koller09,
	Author = {Koller, Daphne and Friedman, Nir},
	Publisher = {The MIT Press},
	Title = {Probabilistic graphical models: Principles and techniques},
	Year = {2009}}

@article{vonfinteliatridou03,
	Author = {von Fintel, Kai and Iatridou, Sabine},
	Journal = {Linguistic Inquiry},
	Number = {2},
	Pages = {173--198},
	Publisher = {MIT Press},
	Title = {{Epistemic containment}},
	Volume = {34},
	Year = {2003}}

@book{murphy02,
	Author = {Murphy, Gregory},
	Publisher = {MIT Press},
	Title = {The Big Book of Concepts},
	Year = {2002}}

@article{vonfintelgillies10,
	Author = {von Fintel, Kai and Gillies, Anthony},
	Issn = {0925-854X},
	Journal = {Natural Language Semantics},
	Number = {4},
	Pages = {351--383},
	Publisher = {Springer},
	Title = {{Must... stay... strong!}},
	Volume = {18},
	Year = {2010}}

@article{cruse80,
	Author = {Cruse, D. Alan},
	Journal = {Perspektiven der Lexikalischen Semantik: Beitrage zum Wuppertaler Semantikkolloquium vom 2},
	Pages = {14--25},
	Title = {{Antonyms and gradable complementaries}},
	Volume = {3},
	Year = {1980}}

@article{huitink08,
	Author = {Huitink, J.},
	Journal = {Proceedings of CIL, Seoul},
	Pages = {2077--2089},
	Title = {{Scoping over epistemics in English and in Dutch}},
	Year = {2008}}

@book{cruse86,
	Author = {Cruse, D. Alan},
	Isbn = {0521276438},
	Publisher = {Cambridge University Press},
	Title = {{Lexical semantics}},
	Year = {1986}}

@article{tancredi05,
	Author = {Tancredi, Chris},
	Journal = {\emph{Talk delivered at Language under Uncertainty, Kyoto}},
	Title = {{Scoping over epistemics}},
	Year = {2005}}

@article{swanson10,
	Author = {Swanson, Eric},
	Issn = {0167-5133},
	Journal = {Journal of Semantics},
	Publisher = {Oxford University Press},
	Title = {{On scope relations between quantifiers and epistemic modals}},
	Year = {2010}}

@article{finlay10,
	Author = {Finlay, S.},
	Journal = {Synthese},
	Number = {1},
	Pages = {67--89},
	Publisher = {Springer},
	Title = {What ought probably means, and why you can't detach it},
	Volume = {177},
	Year = {2010}}

@incollection{vonfinteliatridou08,
	Author = {von Fintel, Kai and Iatridou, Sabine},
	Booktitle = {Time and {M}odality},
	Editor = {Jacqueline Gu{\'e}ron},
	Pages = {115--141},
	Publisher = {Springer},
	Title = {{How to say \emph{ought} in foreign: The composition of weak necessity modals}},
	Year = {2008}}

@misc{vonfintel12,
	Author = {von Fintel, K.},
	Note = {Paper presented at the Central meeting of the American Philosophical Association, February 17},
	Title = {{The best we can (expect to) get? Challenges to the classic semantics for deontic modals}},
	Url = {http://mit.edu/fintel/fintel-2012-apa-ought.pdf},
	Year = {2012},
	Bdsk-Url-1 = {http://mit.edu/fintel/fintel-2012-apa-ought.pdf}}

@incollection{lakoff71,
	Author = {Lakoff, George},
	Booktitle = {Semantics: An Interdisciplinary Reader in Philosophy, Linguistics and Psychology},
	Editor = {Steinberg, D. D. and Jakobovits, L. A.},
	Publisher = {Cambridge University Press},
	Title = {{On generative semantics}},
	Year = {1971}}

@article{kadmonlandman93,
	Author = {Kadmon, Nirit and Landman, Fred},
	Journal = {Linguistics and Philosophy},
	Number = {4},
	Pages = {353--422},
	Publisher = {Springer},
	Title = {{Any}},
	Volume = {16},
	Year = {1993}}

@article{kroch89,
	Author = {Kroch, A.},
	Date-Added = {2009-06-15 20:34:38 -0400},
	Date-Modified = {2009-06-19 10:42:28 -0400},
	Journal = {\emph{Ms., University of Pennsylvania}},
	Title = {{Amount quantification, referentiality, and long wh-movement}},
	Year = {1989}}

@phdthesis{hackl00,
	Author = {Hackl, Martin},
	School = {MIT},
	Title = {{Comparative quantifiers}},
	Year = {2001}}

@incollection{nouwen10,
	Author = {Nouwen, Rick},
	Booktitle = {Logic, {L}anguage and {M}eaning: 17^{\mathit{th}} {A}msterdam {C}olloquium},
	Editor = {Aloni and Bastiaanse and de Jager and Schulz},
	Pages = {345--354},
	Publisher = {Springer},
	Title = {{Two puzzles about requirements}},
	Year = {2010}}

@article{nouwen08,
	Author = {Nouwen, Rick},
	Journal = {Natural Language Semantics},
	Pages = {271-295},
	Title = {{Upper-bounded \emph{no more}: the exhaustive interpretation of non-strict comparison}},
	Volume = {16},
	Year = {2008}}

@incollection{sauerlandstateva07,
	Author = {Sauerland, Uli and Stateva, Penka},
	Booktitle = {Proceedings of Semantics and {L}inguistic {T}heory XVII},
	Editor = {M. Gibson and T. Friedman},
	Publisher = {CLC Publications, Cornell University},
	Title = {Scalar vs. epistemic vagueness: Evidence from approximators},
	Year = {2007}}

@article{foxhackl06,
	Author = {Fox, Danny and Hackl, Martin},
	Date-Added = {2009-06-15 20:32:50 -0400},
	Date-Modified = {2009-06-15 20:32:56 -0400},
	Journal = {Linguistics and Philosophy},
	Number = {5},
	Pages = {537--586},
	Publisher = {Springer},
	Title = {{The universal density of measurement}},
	Volume = {29},
	Year = {2006}}

@article{heim06,
	Author = {Heim, Irene},
	Date-Added = {2009-06-15 20:31:45 -0400},
	Date-Modified = {2009-06-15 20:31:57 -0400},
	Journal = {\emph{Ms., MIT}},
	Title = {{Remarks on comparative clauses as generalized quantifiers}},
	Year = {2006}}

@article{szabolcsizwarts93,
	Author = {Szabolcsi, Anna and Zwarts, Frans},
	Date-Added = {2009-06-15 20:30:47 -0400},
	Date-Modified = {2009-06-19 17:17:51 -0400},
	Journal = {Natural Language Semantics},
	Number = {3},
	Pages = {235-284},
	Publisher = {Springer},
	Title = {Weak islands and an algebraic semantics for scope taking},
	Volume = {1},
	Year = {1993}}

@article{lassiter10d,
	Author = {Lassiter, Daniel},
	Editor = {T. Icard and R. Muskens},
	Journal = {Interfaces: Explorations in Logic, Language and Computation},
	Pages = {38--56},
	Publisher = {Springer},
	Title = {{The Algebraic Structure of Amounts: Evidence from Comparatives}},
	Year = {2010}}

@book{dayal96,
	Author = {Dayal, V.},
	Date-Added = {2009-06-15 20:29:03 -0400},
	Date-Modified = {2009-06-19 10:43:42 -0400},
	Publisher = {Dordrecht: Kluwer},
	Title = {{Locality in wh-quantification}},
	Year = {1996}}

@book{carroll,
	Author = {Carroll, Lewis},
	Publisher = {Macmillan},
	Title = {{Alice's Adventures in Wonderland}},
	Year = {1866}}

@article{bhattpancheva04,
	Author = {Bhatt, Rajesh and Pancheva, Roumani},
	Date-Added = {2009-06-15 20:27:42 -0400},
	Date-Modified = {2009-06-15 20:27:51 -0400},
	Journal = {Linguistic Inquiry},
	Number = {1},
	Pages = {1--45},
	Publisher = {MIT Press},
	Title = {{Late merger of degree clauses}},
	Volume = {35},
	Year = {2004}}

@article{becketal09,
	Author = {Beck, Sigrid and Krasikova, Sveta and Fleischer, Daniel and Gergel, Remus and Hofstetter, Stefan and Savelsberg, Christiane and Vanderelst, John and Villalta, Elisabeth},
	Journal = {Linguistic Variation Yearbook},
	Number = {1},
	Pages = {1--66},
	Title = {Crosslinguistic variation in comparison constructions},
	Volume = {9},
	Year = {2009}}

@article{beckrullmann99,
	Author = {Beck, Sigrid and Rullmann, Hotze},
	Date-Added = {2009-06-15 20:26:58 -0400},
	Date-Modified = {2009-06-15 20:28:32 -0400},
	Journal = {Natural Language Semantics},
	Number = {3},
	Pages = {249--298},
	Title = {{A flexible approach to exhaustivity in questions}},
	Volume = {7},
	Year = {1999}}

@phdthesis{abrusan07,
	Author = {Abrus{\'a}n, M{\'a}rta},
	School = {MIT},
	Title = {{Contradiction and Grammar}},
	Year = {2007}}

@inproceedings{abrusan11,
	Address = {Ithaca, NY},
	Author = {Abrus{\'a}n, M.},
	Booktitle = {Semantics and {L}inguistic {T}heory {(SALT)} 20},
	Editor = {Nan Li and David Lutz},
	Publisher = {CLC Publications},
	Title = {Triggering verbal presuppositions},
	Year = 2010}

@book{frege1884,
	Author = {Frege, Gottlob},
	Publisher = {Breslau},
	Title = {Grundlagen der {A}rithmetik},
	Year = {1884}}

@article{katzfodor63,
	Author = {Katz, Jerrold J and Fodor, Jerry A},
	Journal = {Language},
	Number = {2},
	Pages = {170--210},
	Publisher = {JSTOR},
	Title = {The structure of a semantic theory},
	Volume = {39},
	Year = {1963}}

@inproceedings{katzetal12,
	Author = {G. Katz and P. Portner and A. Rubinstein},
	Booktitle = {Semantics \& {L}inguistic {T}heory {(SALT)} 22},
	Editor = {Anca Chereches},
	Publisher = {CLC Publications},
	Title = {Ordering combination for modal comparison},
	Year = {2012}}

@inproceedings{silk12,
	Author = {Silk, A.},
	Booktitle = {Semantics \& {L}inguistic {T}heory {(SALT)} 22},
	Editor = {Anca Chereches},
	Publisher = {CLC Publications},
	Title = {Modality, weights, and inconsistent premise sets},
	Year = {2012}}

@inproceedings{silk12,
	Author = {Silk, A.},
	Booktitle = {Semantics \& {L}inguistic {T}heory {(SALT)} 22},
	Editor = {Anca Chereches},
	Publisher = {CLC Publications},
	Title = {Modality, weights, and inconsistent premise sets},
	Year = {2012}}

@article{syrettetal09,
	Author = {Syrett, Kristen and Kennedy, Chris and Lidz, Jeffrey},
	Journal = {Journal of Semantics},
	Pages = {1--35},
	Title = {{Meaning and context in children's understanding of gradable adjectives}},
	Volume = {27},
	Year = {2010}}

@article{kyburgmorreau00,
	Author = {Kyburg, A. and Morreau, M.},
	Journal = {Linguistics and Philosophy},
	Number = {6},
	Pages = {577--597},
	Publisher = {Springer},
	Title = {{Fitting words: Vague language in context}},
	Volume = {23},
	Year = {2000}}

@article{vonfintel99,
	Author = {von Fintel, Kai},
	Issn = {0167-5133},
	Journal = {Journal of Semantics},
	Number = {2},
	Pages = {97},
	Publisher = {Oxford University Press},
	Title = {{NPI licensing, Strawson entailment, and context dependency}},
	Volume = {16},
	Year = {1999}}

@article{grim05,
	Author = {Grim, Patrick},
	Journal = {Analysis},
	Number = {2},
	Pages = {95},
	Title = {{The buried quantifier: An account of vagueness and the sorites}},
	Volume = {65},
	Year = {2005}}

@incollection{levinson03,
	Author = {Levinson, D.},
	Booktitle = {Semantics and {L}inguistic {T}heory {(SALT)} 13},
	Pages = {222--239},
	Publisher = {CLC Publications},
	Title = {Probabilistic model-theoretic semantics for \emph{want}},
	Year = {2003}}

@article{beck96,
	Author = {Beck, Sigrid},
	Issn = {0925-854X},
	Journal = {Natural Language Semantics},
	Number = {1},
	Pages = {1--56},
	Publisher = {Springer},
	Title = {{Quantified structures as barriers for LF movement}},
	Volume = {4},
	Year = {1996}}

@book{szabolcsi97b,
	Author = {Szabolcsi, Anna},
	Isbn = {0792344464},
	Publisher = {Springer},
	Title = {{Ways of scope taking}},
	Year = {1997}}

@incollection{szabolcsi97a,
	Author = {Szabolcsi, Anna},
	Booktitle = {{Ways of scope taking}},
	Editor = {Szabolcsi, Anna},
	Isbn = {0792344464},
	Publisher = {Springer},
	Title = {Background notions in lattice theory and generalized quantifiers},
	Year = {1997}}

@incollection{szabolcsi12,
	Author = {Szabolcsi, A.},
	Booktitle = {Semantics: An international handbook of natural language meaning},
	Editor = {C. Maienborn and K. von Heusinger and P. Portner},
	Publisher = {Mouton de Gruyter},
	Title = {Scope and binding},
	Year = {2012}}

@article{lassiter10b,
	Author = {Lassiter, Daniel},
	Journal = {University of Pennsylvania Working Papers in Linguistics},
	Number = {1},
	Title = {Explaining a restriction on the scope of the comparative operator},
	Volume = {16},
	Year = {2010}}

@inproceedings{potts12,
	Address = {Somerville, MA},
	Author = {Potts, Christopher},
	Booktitle = {Proceedings of the 30th West Coast Conference on Formal Linguistics},
	Editor = {Arnett, Nathan and Bennett, Ryan},
	Publisher = {Cascadilla Press},
	Title = {Goal-Driven Answers in the {C}ards Dialogue Corpus},
	Year = {2012}}

@phdthesis{lassiter10c,
	Author = {Lassiter, Daniel},
	School = {New York University},
	Title = {{Measurement and Modality: The Scalar Basis of Modal Semantics}},
	Year = {2011}}

@article{sapir44,
	Author = {Sapir, Edward},
	Journal = {Philosophy of Science},
	Number = {2},
	Pages = {93--116},
	Title = {Grading: A study in semantics},
	Volume = {11},
	Year = {1944}}

@phdthesis{russell12,
	Author = {Russell, B.},
	School = {Brown University},
	Title = {Probabilistic reasoning and the computation of scalar implicatures},
	Year = {2012}}

@book{carnap47,
	Author = {Carnap, Rudolf},
	Publisher = {University of Chicago Press},
	Title = {Meaning and necessity: A study in semantics and modal logic},
	Year = {1947}}

@article{peters73,
	Author = {Peters, Stanley and Ritchie, Robert},
	Journal = {Information Sciences},
	Pages = {49--83},
	Publisher = {Elsevier},
	Title = {On the generative power of transformational grammars},
	Volume = {6},
	Year = {1973}}

@book{russellnorvig10,
	Author = {Russell, Stuart and Norvig, Peter},
	Isbn = {0136042597},
	Publisher = {Prentice Hall},
	Title = {{Artificial Intelligence: A Modern Approach}},
	Year = {2010}}

@article{frankgoodman12,
	Author = {Frank, M.C. and Goodman, N.D.},
	Journal = {Science},
	Number = {6084},
	Pages = {998--998},
	Publisher = {American Association for the Advancement of Science},
	Title = {Predicting pragmatic reasoning in language games},
	Volume = {336},
	Year = {2012}}

@misc{goodmanstuhlmueller12,
	Author = {Goodman, N.D. and Stuhlm{\"u}ller, A.},
	Note = {\emph{Proceedings of the Thirty-Fourth Annual Conference of the Cognitive Science Society}},
	Title = {Knowledge and implicature: Modeling language understanding as social cognition},
	Year = {2012}}

@article{van1995discourse,
	Author = {Van Kuppevelt, Jan},
	Journal = {Journal of linguistics},
	Number = {1},
	Pages = {109--147},
	Publisher = {Cambridge Univ Press},
	Title = {Discourse structure, topicality and questioning},
	Volume = {31},
	Year = {1995}}

@article{goodman2013knowledge,
	Author = {Goodman, Noah D and Stuhlm{\"u}ller, Andreas},
	Journal = {Topics in cognitive science},
	Number = {1},
	Pages = {173--184},
	Publisher = {Wiley Online Library},
	Title = {Knowledge and implicature: Modeling language understanding as social cognition},
	Volume = {5},
	Year = {2013}}

@book{korbnicholson04,
	Author = {Korb, K. B. and Nicholson, A. E.},
	Isbn = {1584883871},
	Publisher = {Chapman \& Hall/CRC Press},
	Title = {{Bayesian Artificial Intelligence}},
	Year = {2004}}

@incollection{gaifman88,
	Author = {Gaifman, Haim},
	Booktitle = {Causality, Chance, and Choice},
	Editor = {Brian Skyrms and William Harper},
	Publisher = {Reidel},
	Title = {A theory of higher order probabilities},
	Year = {1988}}

@incollection{griffithsetal08,
	Author = {Griffiths, Thomas L. and Kemp, Charles and Tenenbaum, Joshua B.},
	Booktitle = {Cambridge Handbook of Computational Psychology},
	Editor = {R. Sun},
	Pages = {59--100},
	Publisher = {Cambridge University Press},
	Title = {{Bayesian models of cognition}},
	Year = {2008}}

@article{chateretal06,
	Author = {Chater, Nick and Tenenbaum, Joshua B. and Yuille, Alan},
	Doi = {10.1016/j.tics.2006.05.007},
	Issn = {1364-6613},
	Journal = {Trends in Cognitive Sciences},
	Number = {7},
	Pages = {287--291},
	Publisher = {Elsevier},
	Title = {{Probabilistic models of cognition: Conceptual foundations}},
	Volume = {10},
	Year = {2006},
	Bdsk-Url-1 = {http://dx.doi.org/10.1016/j.tics.2006.05.007}}

@misc{bergen12,
	Author = {Bergen, L. and Goodman, N.D. and Levy, R.},
	Note = {In \emph{Proceedings of the 34^{\mathit{th}} Annual Meeting of the Cognitive Science Society}},
	Title = {That's what she (could have) said: How alternative utterances affect language use},
	Year = {2012}}

@inproceedings{stiller11,
	Author = {Stiller, A. and Goodman, N.D. and Frank, M.C.},
	Booktitle = {Proceedings of the 33rd Annual Meeting of the Cognitive Science Society},
	Title = {Ad-hoc scalar implicature in adults and children},
	Year = {2011}}

@article{wellwood12,
	Author = {Wellwood, Alexis and Hacquard, Valentine and Pancheva, Roumyana},
	Journal = {Journal of semantics},
	Number = {2},
	Pages = {207--228},
	Title = {Measuring and comparing individuals and events},
	Volume = {29},
	Year = {2012}}

@book{bolinger72,
	Author = {Bolinger, Dwight},
	Publisher = {Mouton},
	Title = {Degree words},
	Year = {1972}}

@phdthesis{mcnabb12,
	Author = {McNabb, Yaron},
	School = {University of Chicago},
	Title = {The Syntax and Semantics of Degree Modification},
	Year = {2012}}

@phdthesis{rett08DISS,
	Author = {Rett, Jessica},
	School = {Rutgers},
	Title = {Degree modification in natural language},
	Year = {2008}}

@inproceedings{rett08SALT,
	Address = {Ithaca, NY},
	Author = {Rett, Jessica},
	Booktitle = {Semantics and {L}inguistic {T}heory {(SALT)} 17},
	Editor = {T. Friedman and M. Gibson},
	Pages = {210-227},
	Publisher = {CLC Publications},
	Title = {{Antonymy and Evaluativity}},
	Year = {2008}}

@inproceedings{heim07,
	Address = {Ithaca, NY},
	Author = {Heim, Irene},
	Booktitle = {Semantics and {L}inguistic {T}heory {(SALT)} 16},
	Editor = {Christopher Tancredi, Makoto Kanazawa, Ikumi Imani, and Kiyomi Kusumoto},
	Pages = {210-227},
	Publisher = {CLC Publications},
	Title = {{Little}},
	Year = {2007}}

@article{lewis96,
	Author = {Lewis, David},
	Journal = {Australasian Journal of Philosophy},
	Number = {4},
	Pages = {549--567},
	Publisher = {Taylor \& Francis},
	Title = {Elusive knowledge},
	Volume = {74},
	Year = {1996}}

@inproceedings{lassiter11b,
	Author = {Lassiter, Daniel},
	Booktitle = {Semantics and {L}inguistic {T}heory 21},
	Editor = {Neil Ashton and Anca Chereches and and David Lutz},
	Publisher = {CLC Publications},
	Title = {{Nouwen's puzzle and a scalar semantics for obligations, needs, and desires}},
	Year = {2011}}

@book{raiffaschlaifer65,
	Author = {Raiffa, H. and Schlaifer, R.},
	Publisher = {McGraw-Hill},
	Title = {Introduction to statistical decision theory},
	Year = {1965}}

@article{neeleman04,
	Author = {Neeleman, Ad and Van de Koot, Hans and Doetjes, Jenny},
	Journal = {Linguistic review},
	Number = {1},
	Pages = {1--66},
	Title = {Degree expressions},
	Volume = {21},
	Year = {2004}}

@article{williamson92,
	Author = {Williamson, Timothy},
	Journal = {Proceedings of the Aristotelian Society, Supplementary Volumes},
	Pages = {145--177},
	Publisher = {JSTOR},
	Title = {Vagueness and ignorance},
	Volume = {66},
	Year = {1992}}

@incollection{pelletier97,
	Author = {Pelletier, F.J. and Asher, N.},
	Booktitle = {Handbook of Logic and Language},
	Editor = {J. van Benthem and A. ter Meulen},
	Publisher = {Elsevier},
	Title = {Generics and defaults},
	Year = {1997}}

@incollection{lassiter13,
	Author = {Lassiter, Daniel},
	Booktitle = {Handbook of Semantics},
	Editor = {Shalom Lappin and Chris Fox},
	Publisher = {Blackwell},
	Title = {Adjectival modification and gradation},
	Year = {2013}}

@book{partee90,
	Author = {Partee, B.H. and Ter Meulen, A.G.B. and Wall, R.E.},
	Publisher = {Springer},
	Title = {Mathematical methods in linguistics},
	Year = {1990}}

@article{mercer92,
	Author = {Mercer, Robert E.},
	Doi = {10.1093/jos/9.3.223},
	Issn = {0167-5133},
	Journal = {Journal of Semantics},
	Number = {3},
	Pages = {223},
	Publisher = {Oxford University Press},
	Title = {{Default logic: Towards a common logical semantics for presuppositions and entailments}},
	Volume = {9},
	Year = {1992},
	Bdsk-Url-1 = {http://dx.doi.org/10.1093/jos/9.3.223}}

@inproceedings{lassiter09,
	Author = {Lassiter, Daniel},
	Booktitle = {New Directions in the Theory of Presupposition},
	Editor = {N. Klinedinst and D. Rothschild},
	Title = {{Symmetric presupposition satisfaction is mid-sentence presupposition correction}},
	Year = {2009}}

@book{graffwilliamson02,
	Editor = {Graff, Delia and Williamson, Timothy},
	Publisher = {Ashgate Publishing},
	Title = {Vagueness},
	Year = {2002}}

@incollection{egre11,
	Author = {{\'E}gr{\'e}, Paul},
	Booktitle = {Vagueness in Communication},
	Editor = {R. Nouwen and R. van Rooij and U. Sauerland and H.-C. Schmitz},
	Pages = {64--90},
	Publisher = {Springer},
	Title = {Perceptual ambiguity and the sorites},
	Year = {2011}}

@book{egreklinedinst11,
	Author = {{\'E}gr{\'e}, Paul and Klinedinst, Nathan},
	Publisher = {Palgrave Macmillan},
	Title = {Vagueness and language use},
	Year = {2011}}

@phdthesis{crnic11,
	Author = {Crni{\v{c}}, L.},
	School = {Massachusetts Institute of Technology},
	Title = {Getting \emph{even}},
	Year = {2011}}

@phdthesis{lassiter11c,
	Author = {Lassiter, Daniel},
	School = {New York University},
	Title = {{Measurement and Modality: The Scalar Basis of Modal Semantics}},
	Year = {2011}}

@phdthesis{rubinstein12,
	Author = {Rubinstein, A.},
	School = {University of Massachusetts at Amherst},
	Title = {{Roots of Modality}},
	Year = {2012}}

@inproceedings{schwarzschild02,
	Author = {Schwarzschild, Roger},
	Conference = {Semantics and {L}inguistic {T}heory 12},
	Editor = {B. Jackson},
	Title = {{The Grammar of Measurement}},
	Year = {2002}}

@article{lucenarens85,
	Author = {Luce, R. Duncan and Narens, Louis},
	Journal = {Journal of Mathematical Psychology},
	Number = {1},
	Pages = {1--72},
	Publisher = {Elsevier Science},
	Title = {{Classification of concatenation measurement structures according to scale type}},
	Volume = {29},
	Year = {1985}}

@article{decarlo98,
	Author = {DeCarlo, L.T.},
	Journal = {Psychological Methods},
	Number = {2},
	Pages = {186},
	Publisher = {American Psychological Association},
	Title = {Signal detection theory and generalized linear models.},
	Volume = {3},
	Year = {1998}}

@book{macmillan05,
	Author = {Macmillan, N.A. and Creelman, C.D.},
	Publisher = {Lawrence Erlbaum},
	Title = {Detection theory: A user's guide},
	Year = {2005}}

@phdthesis{vonfintel94,
	Author = {von Fintel, K.},
	School = {University of Massachusetts at Amherst},
	Title = {Restrictions on quantifier domains},
	Year = {1994}}

@article{vonfintelgillies08,
	Author = {von Fintel, Kai and Gillies, Anthony},
	Issn = {0031-8108},
	Journal = {The Philosophical Review},
	Number = {1},
	Pages = {77},
	Publisher = {Duke University Press},
	Title = {{CIA leaks}},
	Volume = {117},
	Year = {2008}}

@article{vonfintelgillies07,
	Author = {von Fintel, Kai and Gillies, Anthony S.},
	Journal = {Oxford studies in epistemology},
	Pages = {32--62},
	Title = {An opinionated guide to epistemic modality},
	Volume = {2},
	Year = {2007}}

@article{lucenarens86,
	Author = {Narens, Louis and Luce, R. Duncan},
	Journal = {Psychological Bulletin},
	Number = {2},
	Pages = {166--180},
	Publisher = {American Psychological Association},
	Title = {{Measurement: The theory of numerical assignments}},
	Volume = {99},
	Year = {1986}}

@incollection{link83,
	Author = {Link, Godehard},
	Booktitle = {Meaning, Use and Interpretation of Language},
	Editor = {B{\"a}uerle, R. and Schwarze, C. and von Stechow, A.},
	Pages = {302--323},
	Publisher = {Walter de Gruyter},
	Title = {{The logical analysis of plurals and mass terms: A lattice-theoretical approach}},
	Volume = {21},
	Year = {1983}}

@book{link98,
	Author = {Link, Godehard},
	Isbn = {1575860902},
	Publisher = {CSLI Publications},
	Title = {{Algebraic Semantics in Language and Philosophy}},
	Year = {1998}}

@article{bach86,
	Author = {Bach, Emmon},
	Issn = {0165-0157},
	Journal = {Linguistics and Philosophy},
	Number = {1},
	Pages = {5--16},
	Publisher = {Springer},
	Title = {{The algebra of events}},
	Volume = {9},
	Year = {1986}}

@article{schwarzschild04,
	Author = {Schwarzschild, Roger},
	Journal = {\emph{Handout from MIT colloquium, available http://www.rci.rutgers.edu/$\sim$tapuz/MIT04.pdf}},
	Title = {{Scope-splitting in the comparative}},
	Year = {2004}}

@article{szabolcsi06,
	Author = {Szabolcsi, Anna},
	Date-Added = {2009-06-15 20:38:48 -0400},
	Date-Modified = {2009-06-15 20:39:05 -0400},
	Journal = {Blackwell Companion to Syntax},
	Pages = {479--531},
	Publisher = {Blackwell},
	Title = {{Strong vs. weak islands}},
	Volume = {4},
	Year = {2006}}

@article{schwarzschildwilkinson02,
	Author = {Schwarzschild, Roger and Wilkinson, Karina},
	Date-Added = {2009-06-15 20:37:53 -0400},
	Date-Modified = {2009-06-15 20:38:02 -0400},
	Journal = {Natural Language Semantics},
	Number = {1},
	Pages = {1--41},
	Publisher = {Springer},
	Title = {{Quantifiers in comparatives: A semantics of degree based on intervals}},
	Volume = {10},
	Year = {2002}}

@book{lewis09,
	Author = {Lewis, T.G.},
	Publisher = {Wiley-Blackwell},
	Title = {{Network Science: Theory and Applications}},
	Year = {2009}}

@article{barwisecooper81,
	Author = {Barwise, J. and Cooper, R.},
	Issn = {0165-0157},
	Journal = {Linguistics and philosophy},
	Number = {2},
	Pages = {159--219},
	Publisher = {Springer},
	Title = {{Generalized quantifiers and natural language}},
	Volume = {4},
	Year = {1981}}

@book{schelling60,
	Author = {Schelling, T.},
	Publisher = {Harvard University Press},
	Title = {{The Strategy of Conflict}},
	Year = {1960}}

@article{vonfinteliatridou05,
	Author = {von Fintel, Kai and Iatridou, Sabine},
	Journal = {\emph{Ms., MIT}},
	Title = {{What to do if you want to go to Harlem: Anankastic conditionals and related matters}},
	Year = {2005}}

@book{grice89,
	Author = {Grice, H. Paul},
	Publisher = {Harvard University Press},
	Title = {{Studies in the Way of Words}},
	Year = {1989}}

@article{bickerton71,
	Author = {Bickerton, Derek},
	Journal = {Foundations of Language},
	Pages = {457--492},
	Publisher = {D. Reidel Publishing Company},
	Title = {{Inherent variability and variable rules}},
	Year = {1971}}

@article{takahashi06,
	Author = {Takahashi, Shoichi},
	Date-Added = {2009-06-15 20:23:41 -0400},
	Date-Modified = {2009-06-15 20:43:25 -0400},
	Journal = {Natural Language Semantics},
	Number = {1},
	Pages = {57--101},
	Publisher = {Springer},
	Title = {More than two quantifiers},
	Volume = {14},
	Year = {2006}}

@article{putnam83,
	Author = {Putnam, H.},
	Issn = {0165-0106},
	Journal = {Erkenntnis},
	Number = {1},
	Pages = {297--314},
	Publisher = {Springer},
	Title = {{Vagueness and alternative logic}},
	Volume = {19},
	Year = {1983}}

@book{unger75,
	Author = {Unger, Peter},
	Isbn = {0198244177},
	Publisher = {Oxford University Press},
	Title = {{Ignorance}},
	Year = {1975}}

@article{vanrooij07,
	Author = {van Rooij, Robert},
	Doi = {10.1093/jos/ffm007},
	Issn = {0167-5133},
	Journal = {Journal of Semantics},
	Number = {3},
	Pages = {289},
	Title = {{Strengthening conditional presuppositions}},
	Volume = {24},
	Year = {2007},
	Bdsk-Url-1 = {http://dx.doi.org/10.1093/jos/ffm007}}

@incollection{hallemarantz93,
	Author = {Halle, Morris and Marantz, Alec},
	Booktitle = {The view from Building 20},
	Editor = {Kenneth L. Hale and Samuel J. Keyser},
	Pages = {111-176},
	Publisher = {MIT Press},
	Title = {Distributed morphology and the pieces of inflection},
	Year = {1993}}

@book{gelman04,
	Author = {Gelman, Andrew and John B. Carlin and Hal S. Stern and Donald B. Rubin},
	Publisher = {Chapman and Hall/CRC},
	Title = {Bayesian Data Analysis},
	Year = {2004}}

@incollection{vanfraassen76,
	Author = {van Fraassen, Bas C.},
	Booktitle = {Foundations of Probability Theory, Statistical Inference, and Statistical Theories of Science},
	Editor = {W.L. Harper and C.A. Hooker},
	Pages = {261--308},
	Publisher = {Reidel},
	Title = {Probabilities of conditionals},
	Volume = {1},
	Year = {1976}}

@incollection{hallhajek94,
	Author = {H{\'a}jek, Alan and Hall, Ned},
	Booktitle = {Probability and Conditionals: Belief Revision and Rational Decision},
	Editor = {E. Eells and B. Skyrms},
	Isbn = {0521453593},
	Pages = {75--112},
	Publisher = {Cambridge University Press},
	Title = {{The hypothesis of the conditional construal of conditional probability}},
	Year = {1994}}

@incollection{beaver10,
	Author = {Beaver, David},
	Booktitle = {Presupposition: Papers in Honor of Hans Kamp},
	Editor = {R. Bauerle and U. Reyle and T. E. Zimmermann},
	Publisher = {Elsevier},
	Title = {Have you noticed that your belly button lint colour is related to the colour of your clothing},
	Year = {2010}}

@article{karttunen73,
	Author = {Karttunen, Lauri},
	Journal = {Linguistic inquiry},
	Number = {2},
	Pages = {169--193},
	Publisher = {JSTOR},
	Title = {Presuppositions of compound sentences},
	Volume = {4},
	Year = {1973}}

@article{geurts96,
	Author = {Geurts, Bart},
	Doi = {10.1007/BF00628201},
	Issn = {0165-0157},
	Journal = {Linguistics and Philosophy},
	Number = {3},
	Pages = {259--294},
	Publisher = {Springer},
	Title = {{Local satisfaction guaranteed: A presupposition theory and its problems}},
	Volume = {19},
	Year = {1996},
	Bdsk-Url-1 = {http://dx.doi.org/10.1007/BF00628201}}

@phdthesis{solt09,
	Author = {Solt, Stephanie},
	School = {City University of New York},
	Title = {The semantics of adjectives of quantity},
	Year = {2009}}

@incollection{solt11,
	Author = {Stephanie Solt},
	Booktitle = {Vagueness in Communication},
	Editor = {R. Nouwen, R. van Rooij, U. Sauerland and H.-C. Schmitz},
	Pages = {127-150},
	Publisher = {Springer},
	Title = {Notes on the comparison class},
	Year = {2011}}

@article{kemp07,
	Author = {Kemp, C. and Perfors, A. and Tenenbaum, J.B.},
	Journal = {Developmental Science},
	Number = {3},
	Pages = {307--321},
	Publisher = {Wiley Online Library},
	Title = {Learning overhypotheses with hierarchical Bayesian models},
	Volume = {10},
	Year = {2007}}

@book{nouwenetal11,
	Booktitle = {Vagueness in Communication},
	Editor = {R. Nouwen and R. van Rooij and U. Sauerland and H.-C. Schmitz},
	Publisher = {Springer},
	Year = {2011}}

@incollection{lassiter11,
	Author = {D. Lassiter},
	Booktitle = {Vagueness in Communication},
	Editor = {R. Nouwen and R. van Rooij and U. Sauerland and H.-C. Schmitz},
	Pages = {127-150},
	Publisher = {Springer},
	Title = {Vagueness as probabilistic linguistic knowledge},
	Year = {2011}}

@article{rips10,
	Author = {Rips, L.J.},
	Journal = {Cognitive science},
	Number = {2},
	Pages = {175--221},
	Publisher = {Wiley Online Library},
	Title = {Two causal theories of counterfactual conditionals},
	Volume = {34},
	Year = {2010}}

@article{dehghani12,
	Author = {Dehghani, M. and Iliev, R. and Kaufmann, S.},
	Journal = {Mind \& Language},
	Number = {1},
	Pages = {55--85},
	Publisher = {Wiley Online Library},
	Title = {Causal explanation and fact mutability in counterfactual reasoning},
	Volume = {27},
	Year = {2012}}

@incollection{heim01,
	Author = {Irene Heim},
	Booktitle = {Audiatur Vox Sapientiae: A Festschrift for {A}rnim von {S}techow},
	Editor = {Fery and Sternefeld},
	Pages = {214--239},
	Publisher = {Akademie Verlag},
	Title = {Degree operators and scope},
	Year = {2001}}

@article{bartschvennemann72,
	Author = {Bartsch, R. and Vennemann, T.},
	Journal = {Linguistische Berichte},
	Pages = {19-32},
	Publisher = {Springer},
	Title = {{The grammar of relative adjectives and comparison}},
	Volume = {20},
	Year = {1972}}

@book{bobaljik12,
	Author = {Bobaljik, Jonathan D.},
	Publisher = {MIT Press},
	Title = {Universals in Comparative Morphology: Suppletion, superlatives, and the structure of words},
	Year = {2012}}

@article{sharvit02,
	Author = {Sharvit, Yael and Stateva, Penka},
	Journal = {Linguistics and philosophy},
	Number = {4},
	Pages = {453--504},
	Publisher = {Springer},
	Title = {Superlative expressions, context, and focus},
	Volume = {25},
	Year = {2002}}

@phdthesis{teodorescu09,
	Author = {Teodorescu, Viorica Alexandra},
	School = {University of Texas at Austin},
	Title = {Modification in the noun phrase: the syntax, semantics, and pragmatics of adjectives and superlatives},
	Year = {2009}}

@inproceedings{szabolcsi13,
	Author = {Szabolcsi, Anna},
	Booktitle = {Semantics \& {L}inguistic {T}heory {(SALT)} 22},
	Pages = {1--25},
	Title = {Compositionality without word boundaries: (the) more and (the) most},
	Year = {2013}}

@inproceedings{bochnak12,
	Author = {Bochnak, M. Ryan},
	Booktitle = {Proceedings of the North-East Linguistic Society},
	Title = {The non-universal status of degrees: Evidence from Washo},
	Year = {2012}}

@article{farkas00,
	Author = {Farkas, Donka F and Kiss, Katalin {\'E}},
	Journal = {Natural Language \& Linguistic Theory},
	Number = {3},
	Pages = {417--455},
	Publisher = {Springer},
	Title = {On the comparative and absolute readings of superlatives},
	Volume = {18},
	Year = {2000}}

@article{gawron95,
	Author = {Gawron, Jean Mark},
	Journal = {Linguistics and Philosophy},
	Number = {4},
	Pages = {333--380},
	Publisher = {Springer},
	Title = {Comparatives, superlatives, and resolution},
	Volume = {18},
	Year = {1995}}

@article{szabolcsi86,
	Author = {Szabolcsi, Anna},
	Journal = {MIT Working papers in Linguistics},
	Pages = {245--265},
	Title = {Comparative superlatives},
	Volume = {8},
	Year = {1986}}

@book{jaeger05,
	Author = {J{\"a}ger, G.},
	Publisher = {Kluwer Academic Publishers},
	Title = {Anaphora and type logical grammar},
	Volume = {24},
	Year = {2005}}

@article{jacobson99,
	Author = {Jacobson, P.},
	Journal = {Linguistics and Philosophy},
	Number = {2},
	Pages = {117--185},
	Publisher = {Springer},
	Title = {Towards a variable-free semantics},
	Volume = {22},
	Year = {1999}}

@article{vonstechow84,
	Author = {von Stechow, Arnim},
	Journal = {Journal of Semantics},
	Number = {1},
	Pages = {1-77},
	Publisher = {Oxford University Press},
	Title = {{Comparing semantic theories of comparison}},
	Volume = {3},
	Year = {1984}}

@book{williamson00,
	Author = {Williamson, T.},
	Publisher = {Oxford University Press},
	Title = {{Knowledge and its Limits}},
	Year = {200}}

@incollection{definetti37,
	Author = {de Finetti, Bruno},
	Note = {Reprinted in H. E. Kyburg and H. E. Smokler, H. E., editors,(eds.), \emph{Studies in subjective probability}. Krieger},
	Pages = {53-118},
	Title = {Foresight: Its logical laws, its subjective sources},
	Year = {1937}}

@book{williamson09,
	Author = {Williamson, Jon},
	Publisher = {Oxford},
	Title = {In defence of objective Bayesianism},
	Year = {2009}}

@article{williamson99,
	Author = {Williamson, T.},
	Journal = {No{\^u}s},
	Pages = {505--517},
	Title = {{Schiffer on the epistemic theory of vagueness}},
	Volume = {33},
	Year = {1999}}

@phdthesis{brennan93,
	Author = {Brennan, Virginia M.},
	School = {University of Massachusetts at Amherst},
	Title = {{Root and epistemic modal auxiliary verbs}},
	Year = {1993}}

@article{hilton95,
	Author = {Hilton, Denis J.},
	Doi = {10.1037/0033-2909.118.2.248},
	Journal = {Psychological Bulletin},
	Number = {2},
	Pages = {248},
	Publisher = {American Psychological Association},
	Title = {The social context of reasoning: Conversational inference and rational judgment},
	Volume = {118},
	Year = {1995},
	Bdsk-Url-1 = {http://dx.doi.org/10.1037/0033-2909.118.2.248}}

@phdthesis{huitink08b,
	Author = {Huitink, Janneke},
	School = {Radboud University Nijmegen},
	Title = {{Modals, Conditionals and Compositionality}},
	Year = {2008}}

@phdthesis{swanson06,
	Author = {Swanson, Eric},
	School = {MIT},
	Title = {{Interactions With Context}},
	Url = {http://mit.dspace.org/bitstream/handle/1721.1/37356/123190034.pdf?sequence=1},
	Year = {2006},
	Bdsk-Url-1 = {http://mit.dspace.org/bitstream/handle/1721.1/37356/123190034.pdf?sequence=1}}

@book{markman98,
	Author = {Markman, Arthur B},
	Publisher = {Lawrence Erlbaum},
	Title = {Knowledge Representation},
	Year = {1998}}

@phdthesis{starr10,
	Author = {Starr, William},
	School = {Rutgers},
	Title = {{Conditionals, Meaning and Mood}},
	Year = {2010}}

@article{sassoon12,
	Author = {Sassoon, Galit W.},
	Journal = {Journal of Semantics},
	Title = {A typology of multidimensional adjectives},
	Year = {2012}}

@phdthesis{sassoon07,
	Author = {Sassoon, Galit},
	School = {Tel Aviv University},
	Title = {{Vagueness, Gradability and Typicality, A Comprehensive semantic analysis}},
	Year = {2007}}

@article{bresnan73,
	Author = {Bresnan, Joan},
	Journal = {Linguistic inquiry},
	Number = {3},
	Pages = {275--343},
	Publisher = {The MIT Press},
	Title = {{Syntax of the comparative clause construction in English}},
	Volume = {4},
	Year = {1973}}

@article{bresnan75,
	Author = {Bresnan, J.},
	Journal = {Linguistic Analysis},
	Number = {1},
	Pages = {25--74},
	Title = {{Comparative deletion and constraints on transformations}},
	Volume = {1},
	Year = {1975}}

@incollection{labov04,
	Author = {Labov, W.},
	Booktitle = {Sociolinguistics/Soziolinguistik: An international handbook of the science of language and society},
	Title = {{Quantitative reasoning in linguistics}},
	Year = {2004}}

@book{williamson94,
	Author = {Williamson, T.},
	Publisher = {Routledge},
	Title = {{Vagueness}},
	Year = {1994}}

@incollection{guy80,
	Author = {Guy, G.},
	Booktitle = {Locating Language in Time and Space},
	Editor = {William Labov},
	Pages = {1--36},
	Publisher = {Academic Press},
	Title = {{Variation in the group and the individual: The case of final stop deletion}},
	Year = {1980}}

@incollection{payne80,
	Author = {Payne, A.C.},
	Booktitle = {Locating Language in Time and Space},
	Editor = {William Labov},
	Publisher = {Academic Press},
	Title = {{Factors controlling the acquisition of the Philadelphia dialect by out-of-state children}},
	Year = {1980}}

@incollection{stalnaker78,
	Author = {Stalnaker, R.},
	Booktitle = {Syntax and Semantics 9: Pragmatics},
	Editor = {P. Cole},
	Publisher = {Academic Press},
	Title = {{Assertion}},
	Year = {1978}}

@article{schulz11,
	Author = {Schulz, Katrin},
	Doi = {10.1007/s11229-010-9780-9},
	Journal = {Synthese},
	Number = {2},
	Pages = {239-251},
	Publisher = {Springer},
	Title = {``{I}f you'd wiggled {A}, then {B} would've changed'': Causality and counterfactual conditionals},
	Volume = {179},
	Year = {2011},
	Bdsk-Url-1 = {http://dx.doi.org/10.1007/s11229-010-9780-9}}

@article{chierchiaappear,
	Author = {Chierchia, Gennaro and Fox, Danny and Spector, Benjamin},
	Booktitle = {Semantics: An international handbook of natural language meaning},
	Editor = {K. von Heusinger and Claudia Maienborn and Paul Portner},
	Publisher = {Mouton de Gruyter},
	Title = {The grammatical view of scalar implicatures and the relationship between semantics and pragmatics}}

@book{geurts2010quantity,
	Author = {Geurts, Bart},
	Publisher = {Cambridge University Press},
	Title = {Quantity implicatures},
	Year = {2010}}

@article{geurts98,
	Author = {Geurts, Bart},
	Doi = {10.1023/A:1005481821597},
	Journal = {Linguistics and Philosophy},
	Number = {6},
	Pages = {545--601},
	Publisher = {Springer},
	Title = {Presuppositions and anaphors in attitude contexts},
	Volume = {21},
	Year = {1998},
	Bdsk-Url-1 = {http://dx.doi.org/10.1023/A:1005481821597}}

@phdthesis{schulz07,
	Author = {Schulz, Katrin},
	School = {Institute for Logic, Language and Computation, University of Amsterdam},
	Title = {Minimal Models in Semantics and Pragmatics: Free choice, exhaustivity, and conditionals},
	Year = {2007}}

@book{pearl00,
	Author = {Pearl, Judea},
	Publisher = {Cambridge University Press},
	Title = {Causality: Models, reasoning and inference},
	Year = {2000}}

@book{stalnaker84,
	Author = {Stalnaker, Robert},
	Publisher = {MIT Press},
	Title = {{Inquiry}},
	Year = {1984}}

@book{pearl88,
	Author = {Pearl, Judea},
	Isbn = {1558604790},
	Publisher = {Morgan Kaufmann},
	Title = {{Probabilistic Reasoning in Intelligent Systems: Networks of Plausible Inference}},
	Year = {1988}}

@inproceedings{kaufmann01,
	Author = {Kaufmann, Stefan},
	Booktitle = {Semantics and {L}inguistic {T}heory {(SALT)} 13},
	Number = {0},
	Pages = {248--267},
	Title = {Probabilities of conditionals},
	Url = {http://www.elanguage.net/journals/index.php/salt/article/view/11.248/1711},
	Volume = {11},
	Year = {2001},
	Bdsk-Url-1 = {http://www.elanguage.net/journals/index.php/salt/article/view/11.248/1711}}

@book{jeffrey04,
	Author = {Jeffrey, Richard C.},
	Publisher = {Cambridge University Press},
	Title = {Subjective probability: The real thing},
	Url = {http://www.princeton.edu/~bayesway/Book*.pdf},
	Year = {2004},
	Bdsk-Url-1 = {http://www.princeton.edu/~bayesway/Book*.pdf}}

@article{hajek89,
	Author = {H{\'a}jek, Alan},
	Journal = {Journal of Philosophical Logic},
	Number = {4},
	Pages = {423--428},
	Publisher = {Springer},
	Title = {Probabilities of conditionals -- revisited},
	Volume = {18},
	Year = {1989}}

@incollection{pearl87,
	Author = {Pearl, Judea},
	Booktitle = {Proceedings of the {AAAI} Workshop on Uncertainty in {AI}},
	Pages = {47--60},
	Title = {Do we need higher-order probabilities, and, if so, what do they mean?},
	Year = {1987}}

@inproceedings{roussarie09,
	Author = {Roussarie, Laurent},
	Booktitle = {Semantics and {L}inguistic {T}heory {(SALT)} 19},
	Editor = {Ed Cormany and Satoshi Ito and David Lutz},
	Pages = {379--394},
	Title = {What might be known: Epistemic modality and uncertain contexts},
	Year = {2009}}

@article{abrusan11b,
	Author = {Abrus{\'a}n, Marta},
	Doi = {10.1007/s10988-012-9108-y},
	Journal = {Linguistics and Philosophy},
	Number = {6},
	Pages = {491--535},
	Title = {Predicting the Presuppositions of Soft Triggers},
	Volume = {34},
	Year = {2011},
	Bdsk-Url-1 = {http://dx.doi.org/10.1007/s10988-012-9108-y}}

@article{reinhart97,
	Author = {Reinhart, Tanya},
	Journal = {Linguistics and philosophy},
	Number = {4},
	Pages = {335--397},
	Publisher = {Springer},
	Title = {Quantifier scope: How labor is divided between {QR} and choice functions},
	Volume = {20},
	Year = {1997}}

@article{steyvers09,
	Author = {Steyvers, M. and Lee, M.D. and Wagenmakers, E.J.},
	Journal = {Journal of Mathematical Psychology},
	Number = {3},
	Pages = {168--179},
	Publisher = {Elsevier},
	Title = {A Bayesian analysis of human decision-making on bandit problems},
	Volume = {53},
	Year = {2009}}

@phdthesis{reinhart76,
	Author = {Reinhart, Tanya},
	School = {Massachusetts Institute of Technology},
	Title = {The syntactic domain of anaphora},
	Year = {1976}}

@book{suttonbarto98,
	Author = {Sutton, R.S. and Barto, A.G.},
	Publisher = {MIT Press},
	Title = {Reinforcement learning: An introduction},
	Year = {1998}}

@incollection{lewis97,
	Author = {Lewis, D.},
	Booktitle = {Philosophical Papers, volume 1: Papers in Philosophical Logic},
	Publisher = {Cambridge University Press},
	Title = {Index, context and content},
	Year = {1997}}

@inproceedings{romoli11,
	Author = {Romoli, Jacopo},
	Booktitle = {Semantics and {L}inguistic {T}heory {(SALT)} 21},
	Pages = {236--256},
	Title = {The Presuppositions of Soft Triggers aren't Presuppositions},
	Volume = {21},
	Year = {2011}}

@incollection{dekker10,
	Author = {Dekker, Paul J. E.},
	Booktitle = {Logic, Language and Meaning: 17th Amsterdam Colloquium, Amsterdam, The Netherlands, December 16-18, 2009, Revised Selected Papers},
	Doi = {10.1007/978-3-642-14287-1_25},
	Editor = {Maria Aloni and Harald Bastiaanse and Titiku de Jager and Katrin Schulz},
	Pages = {244--253},
	Publisher = {Springer},
	Title = {There is something about \emph{might}},
	Year = {2010},
	Bdsk-Url-1 = {http://dx.doi.org/10.1007/978-3-642-14287-1_25}}

@article{kaufmann05,
	Author = {Kaufmann, Stefan},
	Doi = {10.1007/s10988-005-3731-9},
	Journal = {Linguistics and Philosophy},
	Number = {2},
	Pages = {181--231},
	Publisher = {Springer},
	Title = {Conditional predictions: A probabilistic account},
	Volume = {28},
	Year = {2005},
	Bdsk-Url-1 = {http://dx.doi.org/10.1007/s10988-005-3731-9}}

@incollection{stalnakerjeffrey94,
	Author = {Stalnaker, Robert and Richard Jeffrey},
	Booktitle = {Probability and conditionals: Belief revision and rational decision},
	Pages = {31--46},
	Publisher = {Cambridge University Press},
	Title = {Conditionals as random variables},
	Year = {1994}}

@article{fodorlepore96,
	Author = {Fodor, J. and Lepore, E.},
	Journal = {Cognition},
	Number = {2},
	Pages = {253--270},
	Publisher = {Elsevier},
	Title = {The red herring and the pet fish: Why concepts still can't be prototypes},
	Volume = {58},
	Year = {1996}}

@article{fodorsag82,
	Author = {Fodor, Janet Dean and Sag, Ivan A},
	Journal = {Linguistics and philosophy},
	Number = {3},
	Pages = {355--398},
	Publisher = {Springer},
	Title = {Referential and quantificational indefinites},
	Volume = {5},
	Year = {1982}}

@article{abusch93,
	Author = {Abusch, Dorit},
	Journal = {Natural language semantics},
	Number = {2},
	Pages = {83--135},
	Publisher = {Springer},
	Title = {The scope of indefinites},
	Volume = {2},
	Year = {1993}}

@phdthesis{ruys92,
	Author = {Ruys, Eddy},
	School = {Utrecht University},
	Title = {The scope of indefinites},
	Year = {1992}}

@article{kaufmann09,
	Author = {Kaufmann, Stefan},
	Doi = {10.1007/s10992-008-9088-0},
	Journal = {Journal of Philosophical Logic},
	Number = {1},
	Pages = {1--53},
	Publisher = {Springer},
	Title = {Conditionals right and left: Probabilities for the whole family},
	Volume = {38},
	Year = {2009},
	Bdsk-Url-1 = {http://dx.doi.org/10.1007/s10992-008-9088-0}}

@misc{kehlerrohde12,
	Author = {A. Kehler and H. Rohde},
	Note = {Ms. submitted for publication},
	Title = {Grammatical and information-structural influences on pronoun production},
	Year = {2012}}

@article{stalnaker04,
	Author = {Stalnaker, R.},
	Journal = {Philosophical Studies},
	Number = {1},
	Pages = {299--322},
	Publisher = {Springer},
	Title = {{Assertion revisited: On the interpretation of two-dimensional modal semantics}},
	Volume = {118},
	Year = {2004}}

@article{stalnaker02,
	Author = {Stalnaker, R.},
	Journal = {Linguistics and Philosophy},
	Number = {5},
	Pages = {701--721},
	Publisher = {Springer},
	Title = {{Common ground}},
	Volume = {25},
	Year = {2002}}

@article{stalnaker98,
	Author = {Stalnaker, R.},
	Journal = {Journal of Logic, Language and Information},
	Number = {1},
	Pages = {3--19},
	Publisher = {Springer},
	Title = {{On the representation of context}},
	Volume = {7},
	Year = {1998}}

@book{labov94,
	Author = {Labov, W.},
	Publisher = {Blackwell},
	Title = {{Principles of Linguistic Change, volume 1: Internal Factors}},
	Year = {1994}}

@book{labov01,
	Author = {Labov, W.},
	Publisher = {Blackwell},
	Title = {{Principles of Linguistic Change, volume 2: Social Factors}},
	Year = {2001}}

@book{milroy80,
	Author = {Milroy, L.},
	Publisher = {Blackwell},
	Title = {{Language and Social Networks}},
	Year = {1980}}

@book{goyal07,
	Author = {Goyal, S.},
	Publisher = {Princeton University Press},
	Title = {{Connections: An Introduction to the Economics of Networks}},
	Year = {2007}}

@inproceedings{buering07,
	Author = {B{\"u}ring, Daniel},
	Booktitle = {Semantics and {L}inguistic {T}heory {(SALT)} 17},
	Title = {{Cross-polar nomalies}},
	Year = {2007}}

@misc{rojasesponda12,
	Author = {Tania Rojas-Esponda},
	Journal = {Semantics and Pragmatics},
	Title = {{A discourse model for \emph{{\"u}berhaupt}}},
	Year = {2012}}

@article{buring03,
	Author = {B{\"u}ring, Daniel},
	Journal = {Linguistics and philosophy},
	Number = {5},
	Pages = {511--545},
	Publisher = {Springer},
	Title = {On {D}-trees, beans, and {B}-accents},
	Volume = {26},
	Year = {2003}}

@misc{roberts11,
	Author = {Craige Roberts},
	Note = {Ms., Ohio State University},
	Title = {{Solving for interpretation}},
	Url = {http://www.ling.ohio-state.edu/~croberts/Solving_for_interpretation.Oslo.paper.pdf},
	Year = {2011},
	Bdsk-Url-1 = {http://www.ling.ohio-state.edu/~croberts/Solving_for_interpretation.Oslo.paper.pdf}}

@book{young01,
	Author = {Young, H.P.},
	Publisher = {Princeton University Press},
	Title = {{Individual Strategy and Social Structure: An Evolutionary Theory of Institutions}},
	Year = {2001}}

@article{milroys92,
	Author = {Milroy, L. and Milroy, J.},
	Journal = {Language in society},
	Number = {1},
	Pages = {1--26},
	Publisher = {Cambridge University Press},
	Title = {{Social network and social class: Toward an integrated sociolinguistic model}},
	Volume = {21},
	Year = {1992}}

@article{ross44,
	Author = {Ross, Alf},
	Issn = {0031-8248},
	Journal = {Philosophy of Science},
	Pages = {30--46},
	Publisher = {JSTOR},
	Title = {{Imperatives and logic}},
	Year = {1944}}

@article{wedgwood06,
	Author = {Wedgwood, R.},
	Journal = {Oxford studies in metaethics},
	Pages = {127--60},
	Title = {{The Meaning of ``Ought''}},
	Volume = {1},
	Year = {2006}}

@book{regan80,
	Author = {Regan, Donald},
	Isbn = {0198246099},
	Publisher = {Oxford University Press},
	Title = {{Utilitarianism and Co-operation}},
	Year = {1980}}

@article{cariani11,
	Author = {Cariani, F.},
	Journal = {No{\^u}s},
	Publisher = {Wiley Online Library},
	Title = {``Ought'' and Resolution Semantics},
	Year = {2011}}

@misc{carianietal12,
	Author = {Cariani, F. and Kaufmann, S. and Kaufmann, M.},
	Note = {Ms., Northwestern University/University of Connecticut},
	Title = {Deliberative modality under epistemic uncertainty},
	Year = {2012}}

@article{lewis78,
	Author = {Lewis, David},
	Issn = {0003-2638},
	Journal = {Analysis},
	Number = {2},
	Pages = {85},
	Title = {{Reply to McMichael}},
	Volume = {38},
	Year = {1978}}

@article{hare67,
	Author = {Hare, R.M.},
	Issn = {0026-4423},
	Journal = {Mind},
	Number = {303},
	Pages = {309},
	Publisher = {Mind Assoc},
	Title = {{Some alleged differences between imperatives and indicatives}},
	Volume = {76},
	Year = {1967}}

@article{kolodnymacfarlane10,
	Author = {Kolodny, N. and MacFarlane, J.},
	Issn = {0022-362X},
	Journal = {Journal of philosophy},
	Number = {3},
	Pages = {115--143},
	Title = {{Ifs and oughts}},
	Volume = {107},
	Year = {2010}}

@conference{kratzer86,
	Author = {Kratzer, A.},
	Booktitle = {Chicago Linguistics Society},
	Number = {2},
	Pages = {1--15},
	Title = {{Conditionals}},
	Volume = {22},
	Year = {1986}}

@incollection{sankoff88,
	Author = {Sankoff, D.},
	Editor = {Newmeyer, F.},
	Journal = {Language: The Socio-Cultural Context},
	Pages = {140},
	Publisher = {Cambridge University Press},
	Title = {{Sociolinguistics and syntactic variation}},
	Year = {1988}}

@book{skyrms04,
	Author = {Skyrms, B.},
	Publisher = {Cambridge University Press},
	Title = {{The Stag Hunt and the Evolution of Social Structure}},
	Year = {2004}}

@article{lewis70,
	Author = {Lewis, David},
	Journal = {Synthese},
	Number = {1},
	Pages = {18--67},
	Title = {{General semantics}},
	Volume = {22},
	Year = {1970}}

@article{schiffer00,
	Author = {Schiffer, Stephen},
	Journal = {Philosophical Issues 10: Skepticism},
	Pages = {220--257},
	Publisher = {Wiley-Blackwell},
	Title = {Vagueness and Partial Belief.},
	Year = {2000}}

@article{jacobson02,
	Author = {Jacobson, Pauline},
	Journal = {Linguistics and Philosophy},
	Number = {5},
	Pages = {601--626},
	Publisher = {Springer},
	Title = {The (dis)-organization of the grammar: 25 years},
	Volume = {25},
	Year = {2002}}

@book{hendriks93,
	Author = {Hendriks, H.L.W.},
	Publisher = {Institute for Logic, Language and Computation},
	Title = {Studied flexibility: Categories and types in syntax and semantics},
	Year = {1993}}

@book{chomsky86,
	Author = {Chomsky, Noam},
	Publisher = {Praeger},
	Title = {Knowledge of language: Its nature, origin, and use},
	Year = {1986}}

@article{barkershan08,
	Author = {Barker, Chris and Shan, Chung-chieh},
	Journal = {Semantics and Pragmatics},
	Pages = {1--1},
	Title = {Donkey anaphora is in-scope binding},
	Volume = {1},
	Year = {2008}}

@book{smith08,
	Author = {Smith, Nicholas J.J.},
	Publisher = {Oxford University Press},
	Title = {Vagueness and degrees of truth},
	Year = {2008}}

@article{borel07,
	Author = {\'Emile Borel},
	Journal = {Revue du Mois},
	Pages = {688-699},
	Title = {Sur un paradoxe \'{e}conomique: Le Sophisme du tas de bl\'{e} et les v\'{e}rit\'{e}s statistiques},
	Volume = {4},
	Year = {1907}}

@incollection{vanrooij11,
	Author = {van Rooij, Robert},
	Booktitle = {Vagueness: A guide},
	Editor = {G. Ronzitti},
	Pages = {123--170},
	Publisher = {Springer},
	Title = {Vagueness and linguistics},
	Year = {2011}}

@book{keefesmith97,
	Editor = {R. Keefe and P. Smith},
	Publisher = {MIT Press},
	Title = {Vagueness: A Reader},
	Year = {1997}}

@book{vandeemter10,
	Author = {van Deemter, Kees},
	Publisher = {Oxford University Press},
	Title = {Not exactly: In praise of vagueness},
	Year = {2010}}

@incollection{edgington97,
	Author = {Edgington, Dorothy},
	Booktitle = {Vagueness: A Reader},
	Editor = {R. Keefe and P. Smith},
	Pages = {294--316},
	Publisher = {MIT Press},
	Title = {{Vagueness by degrees}},
	Year = {1997}}

@article{edgington95,
	Author = {Edgington, Dorothy},
	Doi = {10.1093/mind/104.414.235},
	Journal = {Mind},
	Number = {414},
	Pages = {235},
	Title = {On conditionals},
	Volume = {104},
	Year = {1995},
	Bdsk-Url-1 = {http://dx.doi.org/10.1093/mind/104.414.235}}

@article{edgington86,
	Author = {Edgington, Dorothy},
	Journal = {Cr{\'\i}tica: Revista Hispanoamericana de Filosof{\'\i}a},
	Number = {52},
	Pages = {3--39},
	Title = {Do conditionals have truth conditions?},
	Url = {http://www.jstor.org/pss/40104380},
	Volume = {18},
	Year = {1986},
	Bdsk-Url-1 = {http://www.jstor.org/pss/40104380}}

@article{liu10,
	Author = {Liu, Chen-Sheng Luther},
	Journal = {Lingua},
	Number = {4},
	Pages = {1010--1056},
	Title = {The positive morpheme in Chinese and the adjectival structure},
	Volume = {120},
	Year = {2010}}

@book{keefe00,
	Author = {Rosanne Keefe},
	Publisher = {Cambridge University Press},
	Title = {{Theories of Vagueness}},
	Year = {2000}}

@book{burns91,
	Author = {Burns, L.C.},
	Publisher = {Kluwer},
	Title = {{Vagueness: An Investigation into Natural Languages and the Sorites Paradox}},
	Year = {1991}}

@book{cresswell90,
	Author = {Cresswell, M.J.},
	Publisher = {Kluwer},
	Title = {Entities and indices},
	Year = {1990}}

@article{burnett12,
	Author = {Burnett, Heather},
	Journal = {UCLA Working Papers in Linguistics},
	Pages = {1-50},
	Title = {The Puzzle(s) of Absolute Adjectives: On Vagueness, Comparison, and the Origin of Scale Structure},
	Volume = {16},
	Year = {2012}}

@article{paradis01,
	Author = {Paradis, Carita},
	Journal = {Cognitive Linguistics},
	Number = {1},
	Pages = {47--66},
	Title = {Adjectives and boundedness},
	Volume = {12},
	Year = {2001}}

@book{saussure22,
	Author = {Saussure, F.},
	Publisher = {Payot, Paris},
	Title = {{Cours de linguistique g{\'e}n{\'e}rale}},
	Year = {1922}}

@book{lewis69,
	Author = {Lewis, David},
	Publisher = {Harvard University Press},
	Title = {{Convention: A Philosophical Study}},
	Year = {1969}}

@article{lewis75,
	Author = {Lewis, David},
	Journal = {Minnesota studies in the philosophy of science},
	Pages = {3--35},
	Publisher = {Minneapolis, University of Minnesota Press},
	Title = {Languages and language},
	Volume = {7},
	Year = {1975}}

@article{soames82,
	Author = {Soames, S.},
	Journal = {Linguistic Inquiry},
	Number = {3},
	Pages = {483--545},
	Publisher = {JSTOR},
	Title = {How presuppositions are inherited: A solution to the projection problem},
	Volume = {13},
	Year = {1982}}

@article{lewis81,
	Author = {Lewis, D.},
	Journal = {Journal of Philosophical Logic},
	Number = {2},
	Pages = {217--234},
	Publisher = {Springer},
	Title = {{Ordering semantics and premise semantics for counterfactuals}},
	Volume = {10},
	Year = {1981}}

@article{charlow10,
	Author = {Charlow, Nate},
	Doi = {10.1007/s11229-011-9974-9},
	Journal = {Synthese},
	Title = {{What We Know and What to Do}},
	Year = {2011},
	Bdsk-Url-1 = {http://dx.doi.org/10.1007/s11229-011-9974-9}}

@book{vonneumannmorgenstern47,
	Author = {von Neumann, Jon and Morgenstern, Oskar},
	Isbn = {0691130612},
	Publisher = {Princeton University Press},
	Title = {{Theory of Games and Economic Behavior}},
	Year = {1944}}

@booklet{arnauldnicole1662,
	Author = {Antoine Arnauld and Pierre Nicole},
	Title = {{La Logique, ou l'Art de Penser}}}

@book{joyce99,
	Author = {Joyce, James M.},
	Isbn = {0521641640},
	Publisher = {Cambridge University Press},
	Title = {{The foundations of causal decision theory}},
	Year = {1999}}

@book{vonneumannmorgenstern44,
	Author = {von Neumann, Jon and Morgenstern, Oskar},
	Isbn = {0691130612},
	Publisher = {Princeton University Press},
	Title = {{Theory of Games and Economic Behavior}},
	Year = {1944}}

@article{jackson91,
	Author = {Jackson, Frank},
	Issn = {0014-1704},
	Journal = {Ethics},
	Number = {3},
	Pages = {461--482},
	Publisher = {JSTOR},
	Title = {{Decision-theoretic consequentialism and the nearest and dearest objection}},
	Volume = {101},
	Year = {1991}}

@article{labov69,
	Author = {Labov, W.},
	Journal = {Language},
	Number = {4},
	Pages = {715--762},
	Publisher = {Linguistic Society of America},
	Title = {{Contraction, deletion, and inherent variability of the English copula}},
	Volume = {45},
	Year = {1969}}

@article{cedergrensankoff74,
	Author = {Cedergren, H.J. and Sankoff, D.},
	Journal = {Language},
	Number = {2},
	Pages = {333--355},
	Publisher = {Linguistic Society of America},
	Title = {{Variable rules: Performance as a statistical reflection of competence}},
	Volume = {50},
	Year = {1974}}

@article{fasold91,
	Author = {Fasold, R.W.},
	Journal = {American Speech},
	Number = {1},
	Pages = {3--21},
	Publisher = {Duke University Press},
	Title = {{The quiet demise of variable rules}},
	Volume = {66},
	Year = {1991}}

@article{weinerlabov83,
	Author = {Weiner, E.J. and Labov, W.},
	Journal = {Journal of Linguistics},
	Number = {1},
	Pages = {29--58},
	Publisher = {Cambridge University Press},
	Title = {{Constraints on the agentless passive}},
	Volume = {19},
	Year = {1983}}

@article{romaine84,
	Author = {Romaine, S.},
	Journal = {Folia Linguistica},
	Number = {3-4},
	Pages = {409--438},
	Publisher = {Walter de Gruyter},
	Title = {{On the problem of syntactic variation and pragmatic meaning in sociolinguistic theory}},
	Volume = {18},
	Year = {1984}}

@article{romaine81,
	Author = {Romaine, S.},
	Journal = {\emph{Austin, Texas: Southwest Educational Development Laboratory}},
	Title = {{On the problem of syntactic variation: A reply to Beatriz Lavandera and William Labov}},
	Year = {1981}}

@article{sankoffthibauld77,
	Author = {Sankoff, G. and Thibault, P.},
	Journal = {Langue fran{\c{c}}aise},
	Number = {1},
	Pages = {81--108},
	Publisher = {Armand Colin},
	Title = {{L'alternance entre les auxiliaires \emph{avoir} et \emph{{\^e}tre} en fran{\c{c}}ais parl{\'e} {\`a} Montr{\'e}al}},
	Volume = {34},
	Year = {1977}}

@book{tagliamonte06,
	Author = {Tagliamonte, S.},
	Publisher = {Cambridge University Press},
	Title = {{Analysing Sociolinguistic Variation}},
	Year = {2006}}

@book{bishop06,
	Author = {Bishop, C.},
	Publisher = {Springer},
	Title = {{Pattern Recognition and Machine Learning}},
	Year = {2006}}

@article{kennedy07,
	Author = {Kennedy, C.},
	Journal = {Linguistics and Philosophy},
	Number = {1},
	Pages = {1--45},
	Publisher = {Springer},
	Title = {{Vagueness and grammar: The semantics of relative and absolute gradable adjectives}},
	Volume = {30},
	Year = {2007}}

@article{grano12,
	Author = {Grano, Thomas},
	Journal = {Natural Language \& Linguistic Theory},
	Pages = {1--53},
	Publisher = {Springer},
	Title = {Mandarin \emph{hen} and universal markedness in gradable adjectives},
	Year = {2012}}

@article{kennedy01,
	Author = {Kennedy, Chris},
	Journal = {Linguistics and Philosophy},
	Number = {1},
	Pages = {33--70},
	Publisher = {Springer},
	Title = {{Polar opposition and the ontology of `degrees'}},
	Volume = {24},
	Year = {2001}}

@article{cobrerosetal12,
	Author = {Cobreros, Pablo and Egr{\'e}, Paul and Ripley, David and van Rooij, Robert},
	Journal = {Journal of Philosophical Logic},
	Number = {2},
	Pages = {347--385},
	Publisher = {Springer},
	Title = {Tolerant, classical, strict},
	Volume = {41},
	Year = {2012}}

@misc{potts08,
	Author = {Potts, C.},
	Note = {Ms., University of Massachusetts at Amherst},
	Title = {{Interpretive Economy, Schelling points, and evolutionary stability}},
	Year = {2008}}

@article{lavandera78,
	Author = {Lavandera, B.R.},
	Journal = {Language in Society},
	Number = {2},
	Pages = {171--182},
	Publisher = {Cambridge University Press},
	Title = {{Where does the sociolinguistic variable stop?}},
	Volume = {7},
	Year = {1978}}

@book{carnap50,
	Author = {Carnap, R.},
	Publisher = {University of Chicago Press},
	Title = {Logical foundations of probability},
	Year = {1950}}

@book{baayen08,
	Author = {Baayen, R.H.},
	Publisher = {Cambridge Univ Press},
	Title = {Analyzing linguistic data: A practical introduction to statistics using R},
	Year = {2008}}

@book{gries09,
	Author = {Gries, S.T.},
	Publisher = {Walter de Gruyter},
	Title = {Statistics for linguistics with {R}: A practical introduction},
	Year = {2009}}

@book{cohen96,
	Author = {Cohen, B.},
	Publisher = {Thomson Brooks/Cole Publishing},
	Title = {Explaining psychological statistics},
	Year = {1996}}

@book{wasserman04,
	Author = {Wasserman, L.},
	Publisher = {Springer Verlag},
	Title = {All of statistics: A concise course in statistical inference},
	Year = {2004}}

@article{gallistel09,
	Author = {Gallistel, CR},
	Journal = {Psychological Review},
	Number = {2},
	Pages = {439},
	Publisher = {American Psychological Association},
	Title = {The importance of proving the null},
	Volume = {116},
	Year = {2009}}

@article{perfors12,
	Author = {Perfors, A.},
	Journal = {Philosophy Compass},
	Number = {2},
	Pages = {127--138},
	Publisher = {Wiley Online Library},
	Title = {Bayesian Models of Cognition: What's Built in After All?},
	Volume = {7},
	Year = {2012}}

@article{eberhardtdanks11,
	Author = {Eberhardt, F. and Danks, D.},
	Journal = {Minds and Machines},
	Pages = {1--22},
	Publisher = {Springer},
	Title = {Confirmation in the Cognitive Sciences: The Problematic Case of Bayesian Models},
	Year = {2011}}

@article{tverskykoehler94,
	Author = {Tversky, Amos and Koehler, Derek J.},
	Issn = {0033-295X},
	Journal = {Psychological Review},
	Number = {4},
	Pages = {547--566},
	Publisher = {American Psychological Association},
	Title = {{Support theory: A nonextensional representation of subjective probability}},
	Volume = {101},
	Year = {1994}}

@article{lewis80,
	Author = {Lewis, D.},
	Booktitle = {Studies in inductive logic and probability},
	Editor = {Richard Jeffrey},
	Pages = {263--293},
	Publisher = {Berkeley, CA: University of California Press},
	Title = {A subjectivist's guide to objective chance},
	Year = {1980}}

@incollection{kalman90,
	Author = {K{\'a}lm{\'a}n, L{\'a}szl{\'o}},
	Booktitle = {Papers from the Second Symposium on Logic and Language},
	Editor = {L. K{\'a}lm{\'a}n and L. P{\'o}los},
	Publisher = {Akad{\'e}miai Kiad{\'o}},
	Title = {{Deferred information: The semantics of commitment}},
	Url = {http://www.nytud.hu/oszt/elmnyelv/kalman/deferredinformation.pdf},
	Year = {1990},
	Bdsk-Url-1 = {http://www.nytud.hu/oszt/elmnyelv/kalman/deferredinformation.pdf}}

@inproceedings{singh07,
	Address = {Ithaca, NY},
	Author = {Raj Singh},
	Booktitle = {Semantics and {L}inguistic {T}heory {(SALT)} 17},
	Publisher = {CLC Publications},
	Title = {Formal alternatives as a solution to the proviso problem},
	Url = {http://elanguage.net/journals/index.php/salt/article/view/17.264/1854},
	Year = 2007,
	Bdsk-Url-1 = {http://elanguage.net/journals/index.php/salt/article/view/17.264/1854}}

@misc{mcallester08,
	Author = {McAllester, D. and Milch, B. and Goodman, N.D.},
	Note = {Technical Report MIT-CSAIL-TR-2008-025, Massachusetts Institute of Technology},
	Title = {Random-world semantics and syntactic independence for expressive languages},
	Year = {2008}}

@misc{klecha12,
	Author = {Peter Klecha},
	Note = {\emph{Proceedings of Sinn und Bedeutung 16}},
	Title = {Positive and conditional semantics for gradable modals},
	Year = {2012}}

@article{lewis76,
	Author = {Lewis, David},
	Doi = {10.2307/2184045},
	Issn = {0031-8108},
	Journal = {Philosophical Review},
	Number = {3},
	Pages = {297--315},
	Publisher = {JSTOR},
	Title = {{Probabilities of conditionals and conditional probabilities}},
	Volume = {85},
	Year = {1976},
	Bdsk-Url-1 = {http://dx.doi.org/10.2307/2184045}}

@article{cresswell02,
	Author = {Cresswell, M.J.},
	Doi = {10.1023/A:1020834910542},
	Journal = {Linguistics and philosophy},
	Number = {5},
	Pages = {545--571},
	Publisher = {Springer},
	Title = {Static semantics for dynamic discourse},
	Volume = {25},
	Year = {2002},
	Bdsk-Url-1 = {http://dx.doi.org/10.1023/A:1020834910542}}

@article{gelmans04,
	Author = {Gelman, S.A.},
	Journal = {Weaving a lexicon},
	Pages = {445--484},
	Title = {Learning words for kinds: Generic noun phrases in acquisition},
	Year = {2004}}

@book{gelmanhill07,
	Author = {Gelman, A. and Hill, J.},
	Publisher = {Cambridge University Press},
	Title = {Data analysis using regression and multilevel/hierarchical models},
	Year = {2007}}

@article{leslie08,
	Author = {Leslie, S.J.},
	Journal = {Philosophical Review},
	Number = {1},
	Pages = {1--47},
	Publisher = {Duke University Press},
	Title = {Generics: Cognition and acquisition},
	Volume = {117},
	Year = {2008}}

@book{kruschke12,
	Author = {Kruschke, John},
	Publisher = {Academic Press},
	Title = {Doing Bayesian data analysis: A tutorial introduction with R and BUGS},
	Year = {2012}}

@inproceedings{goodmanetal08,
	Author = {Goodman, N.D. and Mansinghka, V.K. and Roy, D. and Bonawitz, K. and Tenenbaum, J.B.},
	Booktitle = {Uncertainty in Artificial Intelligence},
	Pages = {23},
	Title = {Church: a language for generative models},
	Volume = {22},
	Year = {2008}}

@article{krifka95,
	Author = {Krifka, M. and Pelletier, F.J. and Carlson, G.N. and ter Meulen, A. and Chierchia, G. and Link, G.},
	Journal = {The generic book},
	Pages = {1--124},
	Publisher = {Chicago: The University of Chicago Press},
	Title = {Genericity: An introduction},
	Year = {1995}}

@incollection{beaver99,
	Author = {Beaver, D.},
	Booktitle = {Logic, Language and Computation},
	Editor = {Moss, L., J. Ginzburg and M. de Rijke},
	Pages = {21--44},
	Publisher = {CSLI},
	Title = {Presupposition accommodation: A plea for common sense},
	Url = {https://webspace.utexas.edu/dib97/itallc.pdf},
	Volume = {2},
	Year = {1999},
	Bdsk-Url-1 = {https://webspace.utexas.edu/dib97/itallc.pdf}}

@book{beaver01,
	Author = {Beaver, David},
	Isbn = {1575861216},
	Publisher = {CSLI},
	Title = {{Presupposition and Assertion in Dynamic Semantics}},
	Year = {2001}}

@article{lassiter12,
	Author = {Lassiter, Daniel},
	Journal = {Semantics \& Pragmatics},
	Pages = {1--37},
	Title = {{Presuppositions, provisos, and probability}},
	Vol = {5},
	Year = {2012}}

@book{bodetal03,
	Author = {Bod, R. and Hay, J. and Jannedy, S.},
	Publisher = {The MIT Press},
	Title = {Probabilistic linguistics},
	Year = {2003}}

@article{schlenker09,
	Author = {Schlenker, Philippe},
	Doi = {10.3765/sp.2.3},
	Journal = {Semantics and Pragmatics},
	Number = {3},
	Pages = {1--78},
	Title = {{Local contexts}},
	Volume = {2},
	Year = {2009},
	Bdsk-Url-1 = {http://dx.doi.org/10.3765/sp.2.3}}

@article{chemla09,
	Author = {Chemla, Emmanuel},
	Doi = {10.1007/s11050-009-9043-9},
	Issn = {0925-854X},
	Journal = {Natural Language Semantics},
	Number = {4},
	Pages = {299--340},
	Publisher = {Springer},
	Title = {{Presuppositions of quantified sentences: experimental data}},
	Volume = {17},
	Year = {2009},
	Bdsk-Url-1 = {http://dx.doi.org/10.1007/s11050-009-9043-9}}

@article{veltman96,
	Author = {Veltman, Frank},
	Doi = {10.1007/BF00248150},
	Issn = {0022-3611},
	Journal = {Journal of Philosophical Logic},
	Number = {3},
	Pages = {221--261},
	Publisher = {Springer},
	Title = {{Defaults in update semantics}},
	Volume = {25},
	Year = {1996},
	Bdsk-Url-1 = {http://dx.doi.org/10.1007/BF00248150}}

@inproceedings{schlenker05,
	Author = {Schlenker, Philippe},
	Conference = {Going Romance XVII},
	Title = {{The Lazy Frenchman's Approach to the Subjunctive: Speculations on Reference to Worlds and Semantic Defaults in the Analysis of Mood}},
	Year = {2005}}

@article{schlenker11,
	Author = {Schlenker, Philippe},
	Doi = {10.1007/s11050-011-9072-z},
	Journal = {Natural Language Semantics.},
	Title = {{The proviso problem: A note}},
	Year = {2011},
	Bdsk-Url-1 = {http://dx.doi.org/10.1007/s11050-011-9072-z}}

@book{kyburg61,
	Author = {Kyburg, H.},
	Publisher = {Wesleyan University Press},
	Title = {Probability and the logic of rational belief},
	Year = {1961}}

@article{goble09,
	Author = {Goble, L.},
	Issn = {1468-0068},
	Journal = {No{\^u}s},
	Number = {3},
	Pages = {450--489},
	Publisher = {Wiley Online Library},
	Title = {{Normative conflicts and the logic of ``ought''}},
	Volume = {43},
	Year = {2009}}

@article{beck12,
	Author = {Beck, Sigrid},
	Editor = {Claudia Maienborn and Klaus von Heusinger and Paul Portner},
	Journal = {Semantics: An International Handbook of Natural Language Meaning},
	Publisher = {Mouton de Gruyter},
	Title = {Comparison constructions},
	Year = {2012}}

@book{steedman01,
	Author = {Steedman, Mark},
	Publisher = {MIT press},
	Title = {The Syntactic Process},
	Year = {2001}}

@book{steedman2012taking,
	Author = {Steedman, Mark},
	Publisher = {MIT Press},
	Title = {Taking Scope: The Natural Semantics of Quantifiers},
	Year = {2012}}

@book{vanbenthem83,
	Author = {van Benthem, Johan},
	Publisher = {Reidel},
	Title = {The Logic of Time},
	Year = {1983}}

@inproceedings{szabolcsi87,
	Author = {Szabolcsi, A.},
	Booktitle = {Proceedings of the 6th Amsterdam Colloquium},
	Editor = {J. Groenendijk et al.},
	Pages = {331--353},
	Title = {Bound variables in syntax: Are there any?},
	Year = {1987}}

@book{schwarzschild96,
	Author = {Schwarzschild, Roger},
	Publisher = {Springer},
	Title = {Pluralities},
	Volume = {61},
	Year = {1996}}

@article{brisson03,
	Author = {Brisson, Christine},
	Journal = {Linguistics and philosophy},
	Number = {2},
	Pages = {129--184},
	Publisher = {Springer},
	Title = {Plurals, all, and the nonuniformity of collective predication},
	Volume = {26},
	Year = {2003}}

@article{steedman87,
	Author = {Steedman, M.},
	Journal = {Natural Language \& Linguistic Theory},
	Number = {3},
	Pages = {403--439},
	Publisher = {Springer},
	Title = {Combinatory grammars and parasitic gaps},
	Volume = {5},
	Year = {1987}}

@article{schwarzschild99,
	Author = {Schwarzschild, R.},
	Issn = {0925-854X},
	Journal = {Natural Language Semantics},
	Number = {2},
	Pages = {141--177},
	Publisher = {Springer},
	Title = {{Givenness, AvoidF and other constraints on the placement of accent}},
	Volume = {7},
	Year = {1999}}

@inproceedings{doetjes09,
	Author = {Doetjes, Jenny and Constantinescu, Camelia and others},
	Booktitle = {Semantics and Linguistic Theory {(SALT)} 19},
	Pages = {124--141},
	Title = {A neo-Kleinian approach to comparatives},
	Year = {2009}}

@article{abelson1983structure,
	Author = {Abelson, Harold and Sussman, Gerald Jay},
	Title = {Structure and interpretation of computer programs},
	Year = {1983}}

@book{de1993probabilita,
	Author = {De Finetti, Bruno},
	Publisher = {Springer},
	Title = {Probabilit{\`a} e induzione: Induction and probability},
	Year = {1993}}

@article{shan2010character,
	Author = {Shan, Chung-chieh},
	Journal = {Linguistics and Philosophy},
	Number = {5},
	Pages = {417--443},
	Publisher = {Springer},
	Title = {The character of quotation},
	Volume = {33},
	Year = {2010}}

@article{schwarzschild08,
	Author = {Schwarzschild, Roger},
	Journal = {Language and Linguistics Compass},
	Number = {2},
	Pages = {308--331},
	Publisher = {Wiley Online Library},
	Title = {The semantics of comparatives and other degree constructions},
	Volume = {2},
	Year = {2008}}

@book{hindley1986introduction,
	Author = {Hindley, James Roger and Seldin, Jonathan Paul},
	Publisher = {Cambridge [Cambridgeshire]; New York: Cambridge University Press},
	Title = {Introduction to Combinators and (Lambda) Calculus},
	Volume = {1},
	Year = {1986}}

@book{barendregt1985lambda,
	Author = {Barendregt, Hendrik Pieter},
	Publisher = {North Holland},
	Title = {The lambda calculus: Its syntax and semantics},
	Volume = {103},
	Year = {1985}}

@article{tenenbaumetal11,
	Author = {Tenenbaum, J.B. and Kemp, C. and Griffiths, T.L. and Goodman, N.D.},
	Journal = {Science},
	Number = {6022},
	Pages = {1279},
	Publisher = {American Association for the Advancement of Science},
	Title = {How to grow a mind: Statistics, structure, and abstraction},
	Url = {http://www.cogsci.northwestern.edu/speakers/2011-2012/tenenbaumEtAl_2011-HowToGrowAMind.pdf},
	Volume = {331},
	Year = {2011},
	Bdsk-Url-1 = {http://www.cogsci.northwestern.edu/speakers/2011-2012/tenenbaumEtAl_2011-HowToGrowAMind.pdf}}

@article{goodmanetal08b,
	Author = {Goodman, N.D. and Tenenbaum, J.B. and Feldman, J. and Griffiths, T.L.},
	Journal = {Cognitive Science},
	Number = {1},
	Pages = {108--154},
	Publisher = {Wiley Online Library},
	Title = {A Rational Analysis of Rule-Based Concept Learning},
	Volume = {32},
	Year = {2008}}

@inproceedings{baker11,
	Author = {Baker, C.L. and Saxe, R.R. and Tenenbaum, J.B.},
	Booktitle = {Proceedings of the Thirty-Second Annual Conference of the Cognitive Science Society},
	Title = {Bayesian theory of mind: Modeling joint belief-desire attribution},
	Year = {2011}}

@inproceedings{jern11,
	Author = {Jern, A. and Lucas, C.G. and Kemp, C.},
	Booktitle = {Advances in Neural Information Processing Systems: Proceedings of the 2011 conference},
	Title = {Evaluating the inverse decision-making approach to preference learning},
	Year = {2011}}

@article{rips01,
	Author = {Rips, L.J.},
	Journal = {Psychological Science},
	Number = {2},
	Pages = {129},
	Publisher = {SAGE Publications},
	Title = {Two kinds of reasoning},
	Volume = {12},
	Year = {2001}}

@phdthesis{carlson77,
	Author = {Carlson, G.N.},
	Institute = {University of Massachusetts at Amherst},
	Title = {Reference to kinds in English},
	Year = {1977}}

@book{cohen99b,
	Author = {Cohen, Ariel},
	Publisher = {CSLI},
	Title = {Think generic! The Meaning and Use of Generic Sentences},
	Year = {1999}}

@inproceedings{heitrotello05,
	Author = {Heit, E. and Rotello, C.M.},
	Booktitle = {Proceedings of the twenty-seventh annual conference of the Cognitive Science Society},
	Organization = {Citeseer},
	Pages = {923--928},
	Title = {Are there two kinds of reasoning?},
	Year = {2005}}

@misc{yalcin12,
	Author = {Yalcin, Seth},
	Note = {To appear in \emph{Proceedings of the 18^{\mathit{th}} Amsterdam Colloquium}},
	Title = {Context Probabilism},
	Year = {2012}}

@inproceedings{yalcin12a,
	Author = {Yalcin, S.},
	Booktitle = {Proceedings of the {A}ristotelian {S}ociety},
	Pages = {123-160},
	Title = {Bayesian Expressivism},
	Volume = {112},
	Year = {2012}}

@article{rips75,
	Author = {Rips, L.J.},
	Journal = {Journal of Verbal Learning and Verbal Behavior},
	Number = {6},
	Pages = {665--681},
	Publisher = {Elsevier},
	Title = {Inductive judgments about natural categories},
	Volume = {14},
	Year = {1975}}

@misc{SmithFrankGoodman,
	Author = {N. J. Smith, N. D. Goodman, M. C. Frank},
	Title = {Learning and using language via recursive pragmatic reasoning about other agents},
	Year = {under review}}

@article{ripsetal73,
	Author = {Rips, L.J. and Shoben, E.J. and Smith, E.E.},
	Journal = {Journal of verbal learning and verbal behavior},
	Number = {1},
	Pages = {1--20},
	Publisher = {Elsevier},
	Title = {Semantic distance and the verification of semantic relations},
	Volume = {12},
	Year = {1973}}

@misc{lassitergoodman12,
	Author = {Lassiter, Daniel and Noah D. Goodman},
	Note = {In \emph{Proceedings of the 34^{\mathit{th}} Annual Conference of the Cognitive Science Society}},
	Title = {How many kinds of reasoning? {I}nference, probability, and natural language semantics},
	Year = {2012}}

@misc{lassitergoodman13,
	Author = {Lassiter, Daniel and Noah D. Goodman},
	Note = {To appear in \emph{Semantics \& Linguistic Theory {(SALT)} 23}},
	Title = {Context, scale structure, and statistics in the interpretation of positive-form adjectives},
	Year = {2013}}

@book{lassiter14,
	Author = {Lassiter, Daniel},
	Publisher = {Oxford University Press},
	Title = {{Measurement and Modality: The Scalar Basis of Modal Semantics}},
	Year = {2014}}

@article{kemp09,
	Author = {Kemp, C. and Tenenbaum, J.B.},
	Journal = {Psychological Review},
	Number = {1},
	Pages = {20--58},
	Publisher = {American Psychological Association},
	Title = {Structured statistical models of inductive reasoning.},
	Volume = {116},
	Year = {2009}}

@article{tenenbaum06,
	Author = {Tenenbaum, J.B. and Griffiths, T.L. and Kemp, C.},
	Journal = {Trends in cognitive sciences},
	Number = {7},
	Pages = {309--318},
	Publisher = {Elsevier},
	Title = {Theory-based Bayesian models of inductive learning and reasoning},
	Volume = {10},
	Year = {2006}}

@article{heitrotello10,
	Author = {Heit, E. and Rotello, C.M.},
	Journal = {Journal of Experimental Psychology: Learning, Memory, and Cognition},
	Number = {3},
	Pages = {805},
	Publisher = {American Psychological Association},
	Title = {Relations between inductive reasoning and deductive reasoning.},
	Volume = {36},
	Year = {2010}}

@book{egan11,
	Author = {Egan, A. and Weatherson, B.},
	Publisher = {Oxford University Press},
	Title = {Epistemic Modality},
	Year = {2011}}

@article{rotelloheit09,
	Author = {Rotello, C.M. and Heit, E.},
	Journal = {Journal of Experimental Psychology: Learning, Memory, and Cognition},
	Number = {5},
	Pages = {1317--1330},
	Publisher = {American Psychological Association},
	Title = {Modeling the effects of argument length and validity on inductive and deductive reasoning.},
	Volume = {35},
	Year = {2009}}

@article{yalcin10a,
	Author = {Yalcin, Seth},
	Journal = {Philosophy Compass},
	Number = {11},
	Pages = {916--937},
	Title = {{Probability Operators}},
	Volume = {5},
	Year = {2010}}

@book{fine73,
	Author = {Fine, Terrence L.},
	Isbn = {0122564502},
	Publisher = {Academic Press},
	Title = {{Theories of Probability: An Examination of Foundations}},
	Year = {1973}}

@article{luce67,
	Author = {Luce, R.D.},
	Issn = {0003-4851},
	Journal = {The Annals of Mathematical Statistics},
	Number = {3},
	Pages = {780--786},
	Publisher = {JSTOR},
	Title = {{Sufficient conditions for the existence of a finitely additive probability measure}},
	Volume = {38},
	Year = {1967}}

@book{savage54,
	Author = {Savage, Leonard J.},
	Isbn = {0486623491},
	Publisher = {Wiley},
	Title = {{The Foundations of Statistics}},
	Year = {1954}}

@book{narens07,
	Author = {Narens, Louis},
	Isbn = {9812708014},
	Publisher = {World Scientific Publishing Company},
	Title = {{Theories of probability: an examination of logical and qualitative foundations}},
	Year = {2007}}

@article{narens09,
	Author = {Narens, L.},
	Journal = {Journal of Mathematical Psychology},
	Number = {5},
	Pages = {399--407},
	Publisher = {Elsevier},
	Title = {A foundation for support theory based on a non-Boolean event space},
	Volume = {53},
	Year = {2009}}

@article{krifka07b,
	Author = {Krifka, Manfred},
	Journal = {Cognitive foundations of interpretation},
	Pages = {111--126},
	Title = {Approximate interpretation of number words: A case for strategic communication},
	Year = {2007}}

@incollection{bastiaanse11,
	Author = {Bastiaanse, Harald},
	Booktitle = {Vagueness in Communication},
	Editor = {R. Nouwen, R. van Rooij, U. Sauerland and H.-C. Schmitz},
	Pages = {37--50},
	Publisher = {Springer},
	Title = {The rationality of round interpretation},
	Year = {2011}}

@article{pereira00,
	Author = {Pereira, F.},
	Doi = {doi:10.1098/rsta.2000.0583},
	Journal = {Philosophical Transactions of the Royal Society of London A: Mathematical, Physical and Engineering Sciences},
	Number = {1769},
	Pages = {1239--1253},
	Publisher = {The Royal Society},
	Title = {Formal grammar and information theory: together again?},
	Volume = {358},
	Year = {2000},
	Bdsk-Url-1 = {http://dx.doi.org/10.1098/rsta.2000.0583}}

@incollection{definetti77,
	Author = {de Finetti, Bruno},
	Booktitle = {New Developments in the Applications of Bayesian Methods},
	Editor = {A. Aykac and C. Brumet},
	Publisher = {North-Holland},
	Title = {Probabilities of probabilities: a real problem or a misunderstanding?},
	Year = {1977}}

@incollection{yalcin10b,
	Author = {Yalcin, Seth},
	Booktitle = {Epistemic Modality},
	Editor = {A. Egan and B. Weatherson},
	Publisher = {Oxford University Press},
	Title = {{Nonfactualism about epistemic modality}},
	Year = {2011}}

@article{johnsonlaird94,
	Author = {Johnson-Laird, Philip N.},
	Journal = {Cognition},
	Number = {1-3},
	Pages = {189--209},
	Publisher = {Elsevier},
	Title = {Mental models and probabilistic thinking},
	Volume = {50},
	Year = {1994}}

@book{johnsonlaird86,
	Author = {Johnson-Laird, Philip N.},
	Publisher = {Harvard University Press},
	Title = {Mental models: Towards a cognitive science of language, inference, and consciousness},
	Year = {1986}}

@incollection{macfarlane11,
	Author = {MacFarlane, John},
	Booktitle = {Epistemic modality},
	Editor = {A. Egan and B. Weatherson},
	Publisher = {Oxford University Press},
	Title = {{Epistemic modals are assessment-sensitive}},
	Year = {2011}}

@article{helmholtz1887,
	Author = {Helmholtz, Hermann von},
	Journal = {Philosophische Aufs{\"a}tze Eduard Zeller gewidmet},
	Pages = {356--391},
	Title = {{Zahlen und Messen erkenntnistheoretisch betrachtet}},
	Year = {1887}}

@article{dubois95,
	Author = {Didier Dubois},
	Doi = {10.1142/S0218488595000268},
	Journal = {International Journal of Uncertainty, Fuzziness and Knowledge-Based Systems},
	Pages = {211-213},
	Title = {{Book review: \emph{Fuzzy Measure Theory}, by Zhenyuan Wang and George J. Klir}},
	Volume = {3},
	Year = {1995},
	Bdsk-Url-1 = {http://dx.doi.org/10.1142/S0218488595000268}}

@book{wang93,
	Author = {Wang, Z. and Klir, G.J.},
	Publisher = {Springer},
	Title = {Fuzzy measure theory},
	Year = {1993}}

@article{miranda02,
	Author = {Miranda, P. and Grabisch, M. and Gil, P.},
	Journal = {International Journal of Uncertainty, Fuzziness and Knowledge-Based Systems},
	Number = {supp01},
	Pages = {105--123},
	Publisher = {World Scientific},
	Title = {$p$-symmetric fuzzy measures},
	Volume = {10},
	Year = {2002}}

@article{zadeh65,
	Author = {Zadeh, L.A.},
	Issn = {0019-9958},
	Journal = {Information and Control},
	Number = {3},
	Pages = {338--353},
	Publisher = {Elsevier},
	Title = {{Fuzzy sets}},
	Volume = {8},
	Year = {1965}}

@article{zadeh78,
	Author = {Zadeh, L.A.},
	Issn = {0165-0114},
	Journal = {Fuzzy Sets and Systems},
	Number = {1},
	Pages = {3--28},
	Publisher = {Elsevier},
	Title = {{Fuzzy sets as a basis for a theory of possibility}},
	Volume = {1},
	Year = {1978}}

@book{kahnemanetal82,
	Author = {Kahneman, Daniel and Slovic, Paul and Tversky, Amos},
	Isbn = {0521284147},
	Publisher = {Cambridge University Press},
	Title = {{Judgment under Uncertainty: Heuristics and Biases}},
	Year = {1982}}

@book{winter01,
	Author = {Winter, Yoad},
	Isbn = {0262232189},
	Publisher = {The MIT Press},
	Title = {{Flexibility Principles in Boolean Semantics: The Interpretation of Coordination, Plurality, and Scope in Natural Language}},
	Year = {2001}}

@book{gig00,
	Author = {Gigerenzer, Gerd},
	Isbn = {0195153723},
	Publisher = {Oxford University Press, USA},
	Title = {{Adaptive thinking: Rationality in the real world}},
	Year = {2000}}

@book{mpp94,
	Author = {Piatelli-Palmarini, Massimo},
	Publisher = {Wiley},
	Title = {{Inevitable Illusions: How Mistakes of reason Rule Our Minds}},
	Year = {1994}}

@incollection{costa05,
	Author = {Costa, Horacio Arlo and Taysom, William},
	Booktitle = {Modeling and Using Context},
	Editor = {A. Dey, Biocho Kokinov, David Leake and Roy Turner},
	Pages = {175--198},
	Publisher = {Springer},
	Title = {{Contextual Modals}},
	Year = {2005}}

@article{cosmidestooby96,
	Author = {Cosmides, L. and Tooby, J.},
	Issn = {0010-0277},
	Journal = {Cognition},
	Number = {1},
	Pages = {1--73},
	Publisher = {Elsevier},
	Title = {{Are humans good intuitive statisticians after all? Rethinking some conclusions from the literature on judgment under uncertainty}},
	Volume = {58},
	Year = {1996}}

@article{tk83,
	Author = {Tversky, A. and Kahneman, D.},
	Issn = {0033-295X},
	Journal = {Psychological Review},
	Number = {4},
	Pages = {293--315},
	Publisher = {Elsevier},
	Title = {{Extensional versus intuitive reasoning: The conjunction fallacy in probability judgment}},
	Volume = {90},
	Year = {1983}}

@article{frankish10,
	Author = {Frankish, Keith},
	Issn = {1747-9991},
	Journal = {Philosophy Compass},
	Title = {{Dual-process and dual-system theories of reasoning}},
	Year = {2010}}

@incollection{roberts04,
	Author = {Roberts, Craige},
	Booktitle = {Handbook of Contemporary Pragmatic Theory},
	Editor = {L. Horn and G. Ward},
	Pages = {197--220},
	Title = {Context in dynamic interpretation},
	Year = {2004}}

@inproceedings{wingate2011lightweight,
	Author = {Wingate, David and Stuhlmueller, Andreas and Goodman, Noah D},
	Booktitle = {Proceedings of the 14th international conference on Artificial Intelligence and Statistics},
	Pages = {131},
	Title = {Lightweight implementations of probabilistic programming languages via transformational compilation},
	Year = {2011}}

@inproceedings{Vogel-etal:2013,
	Address = {Atlanta, Georgia},
	Author = {Vogel, Adam and Bodoia, Max and Potts, Christopher and Jurafsky, Dan},
	Booktitle = {Human Language Technologies: The 2013 Annual Conference of the North American Chapter of the Association for Computational Linguistics},
	Month = {June},
	Pages = {1072--1081},
	Publisher = {Association for Computational Linguistics},
	Title = {Emergence of {G}ricean Maxims from Multi-Agent Decision Theory},
	Year = {2013}}

@article{roberts96,
	Author = {Roberts, Craige},
	Issn = {0473-9604},
	Journal = {Working Papers in Linguistics-Ohio State University Department of Linguistics},
	Pages = {91--136},
	Publisher = {Citeseer},
	Title = {{Information structure in discourse: Towards an integrated formal theory of pragmatics}},
	Url = {http://citeseerx.ist.psu.edu/viewdoc/download?doi=10.1.1.129.8440&rep=rep1&type=pdf},
	Year = {1996},
	Bdsk-Url-1 = {http://citeseerx.ist.psu.edu/viewdoc/download?doi=10.1.1.129.8440&rep=rep1&type=pdf}}

@article{partee1987noun,
	Author = {Partee, Barbara},
	Journal = {Studies in discourse representation theory and the theory of generalized quantifiers},
	Pages = {115--143},
	Publisher = {Foris Publications},
	Title = {Noun phrase interpretation and type-shifting principles},
	Volume = {8},
	Year = {1987}}

@article{partee1983generalized,
	Author = {Partee, Barbara and Rooth, Mats},
	Journal = {Formal Semantics: The Essential Readings},
	Pages = {334--356},
	Publisher = {Blackwell Publishers Ltd},
	Title = {Generalized conjunction and type ambiguity},
	Year = {1983}}

@article{rooth92,
	Author = {Rooth, Mats},
	Issn = {0925-854X},
	Journal = {Natural language semantics},
	Number = {1},
	Pages = {75--116},
	Publisher = {Springer},
	Title = {{A theory of focus interpretation}},
	Volume = {1},
	Year = {1992}}

@incollection{abney96,
	Author = {Abney, Steven},
	Booktitle = {The balancing act: Combining symbolic and statistical approaches to language},
	Pages = {1--26},
	Publisher = {MIT Press},
	Title = {Statistical methods and linguistics},
	Year = {1996}}

@article{hamblin59,
	Author = {Hamblin, Charles L.},
	Journal = {Mind},
	Number = {270},
	Pages = {234--240},
	Title = {The Modal ``Probably''},
	Volume = {68},
	Year = {1959}}

@book{parsons90,
	Author = {Parsons, Terence},
	Publisher = {MIT Press},
	Title = {Events in the Semantics of English},
	Year = {1990}}

@article{davidson67,
	Author = {Davidson, Donald},
	Editor = {Nicholas Rescher},
	Journal = {The logic of decision and action},
	Publisher = {University of Pittsburgh Press},
	Title = {The logical form of action sentences},
	Year = {1967}}

@book{mellor05,
	Author = {Mellor, D.H.},
	Publisher = {Routledge},
	Title = {Probability: A philosophical introduction},
	Year = {2005}}

@article{parsons70,
	Author = {Parsons, Terence},
	Journal = {Synthese},
	Number = {3},
	Pages = {320--334},
	Publisher = {Springer},
	Title = {Some problems concerning the logic of grammatical modifiers},
	Volume = {21},
	Year = {1970}}

@article{montague70,
	Author = {Montague, Richard},
	Editor = {Bruno Visentini},
	Journal = {Linguaggi nella societ\`a e nella Tecnica},
	Pages = {189--224},
	Publisher = {Edizioni di Comunit\`a},
	Title = {English as a formal language},
	Year = {1970}}

@article{hamblin73,
	Author = {Hamblin, Charles L.},
	Issn = {0015-900X},
	Journal = {Foundations of Language},
	Pages = {41--53},
	Publisher = {JSTOR},
	Title = {{Questions in Montague English}},
	Year = {1973}}

@phdthesis{rooth85,
	Author = {Rooth, Mats},
	School = {University of Massachusetts},
	Title = {{Association with Focus}},
	Year = {1985}}

@article{evans08,
	Author = {Evans, Jonathan St. B.T.},
	Journal = {Psychology},
	Number = {1},
	Pages = {255},
	Title = {{Dual-processing accounts of reasoning, judgment, and social cognition}},
	Volume = {59},
	Year = {2008}}

@article{chater06,
	Author = {Chater, Nick and Manning, Christopher D and others},
	Journal = {Trends in cognitive sciences},
	Number = {7},
	Pages = {335--344},
	Publisher = {Elsevier Science},
	Title = {Probabilistic models of language processing and acquisition},
	Volume = {10},
	Year = {2006}}

@book{oaksfordchater07,
	Author = {Oaksford, M. and Chater, N.},
	Publisher = {Oxford University Press},
	Title = {Bayesian Rationality: The Probabilistic Approach to Human Reasoning},
	Year = {2007}}

@phdthesis{tenenbaum99,
	Author = {Tenenbaum, J.B.},
	School = {MIT},
	Title = {A Bayesian framework for concept learning},
	Url = {http://dspace.mit.edu/bitstream/handle/1721.1/16714/42471842.pdf},
	Year = {1999},
	Bdsk-Url-1 = {http://dspace.mit.edu/bitstream/handle/1721.1/16714/42471842.pdf}}

@book{jeffrey65,
	Author = {Jeffrey, Richard C.},
	Isbn = {0226395820},
	Publisher = {University of Chicago Press},
	Title = {{The logic of decision}},
	Year = {1965}}

@book{bennett03,
	Author = {Bennett, Jonathan F.},
	Isbn = {0199258872},
	Publisher = {Oxford University Press},
	Title = {{A Philosophical Guide to Conditionals}},
	Year = {2003}}

@article{sloman98,
	Author = {Sloman, S.A.},
	Journal = {Cognitive Psychology},
	Number = {1},
	Pages = {1--33},
	Publisher = {Elsevier},
	Title = {Categorical inference is not a tree: The myth of inheritance hierarchies},
	Volume = {35},
	Year = {1998}}

@article{sloman70,
	Author = {Sloman, Aaron},
	Journal = {Mind},
	Number = {315},
	Pages = {385--394},
	Title = {{`Ought' and `Better'}},
	Volume = {75},
	Year = {1970}}

@article{yalcin07,
	Author = {Yalcin, Seth},
	Doi = {10.1093/mind/fzm983},
	Journal = {Mind},
	Number = {464},
	Pages = {983--1026},
	Title = {{Epistemic modals}},
	Volume = {116},
	Year = {2007},
	Bdsk-Url-1 = {http://dx.doi.org/10.1093/mind/fzm983}}

@incollection{kamp81,
	Author = {Kamp, Hans},
	Booktitle = {Formal Methods in the Study of Language},
	Editor = {J. Groenendijk},
	Publisher = {Mathematisch Centrum},
	Title = {A theory of truth and semantic representation},
	Year = {1981}}

@book{eckertmcconnelginet03,
	Author = {Eckert, P. and McConnell-Ginet, S.},
	Publisher = {Cambridge University Press},
	Title = {{Language and Gender}},
	Year = {2003}}

@book{benzetal05,
	Author = {Benz, Anton and J{\"a}ger, Gerhard and van Rooij, Robert},
	Publisher = {Palgrave Macmillan},
	Title = {{Game theory and Pragmatics}},
	Year = {2005}}

@book{kampreyle93,
	Author = {Kamp, Hans and Reyle, Uwe},
	Publisher = {Kluwer Academic Publishers},
	Title = {From discourse to logic: Introduction to modeltheoretic semantics of natural language, formal logic and discourse representation theory},
	Year = {1993}}

@incollection{kamp75,
	Author = {Kamp, Hans},
	Booktitle = {Formal semantics of natural language},
	Editor = {E. Keenan},
	Pages = {123--155},
	Publisher = {Cambridge University Press},
	Title = {{Two theories about adjectives}},
	Year = {1975}}

@book{keenanfaltz85,
	Author = {Keenan, Edward L. and Faltz, Leonard M.},
	Publisher = {Kluwer Academic Publishers},
	Title = {{Boolean semantics for natural language}},
	Year = {1985}}

@book{pietarinen07,
	Author = {Pietarinen, A.V.},
	Publisher = {Elsevier},
	Title = {{Game theory and linguistic meaning}},
	Year = {2007}}

@phdthesis{horn72,
	Author = {Horn, Laurence},
	School = {UCLA},
	Title = {{On the Semantic Properties of Logical Operators in English}},
	Year = {1972}}

@article{vanrooij04,
	Author = {van Rooij, Robert},
	Journal = {Linguistics and Philosophy},
	Number = {4},
	Pages = {493--527},
	Publisher = {Springer},
	Title = {{Signalling games select Horn strategies}},
	Volume = {27},
	Year = {2004}}

@article{vanfraassen80,
	Author = {van Fraassen, Bas C.},
	Journal = {Canadian Journal of Philosophy},
	Number = {3},
	Pages = {497--511},
	Title = {Review of {B}rian {E}llis, \emph{Rational Belief Systems}},
	Volume = {10},
	Year = {1980}}

@article{weirich83,
	Author = {Weirich, Paul},
	Doi = {10.1086/289091},
	Journal = {Philosophy of Science},
	Pages = {82--95},
	Publisher = {JSTOR},
	Title = {Conditional probabilities and probabilities given knowledge of a condition},
	Year = {1983},
	Bdsk-Url-1 = {http://dx.doi.org/10.1086/289091}}

@book{mises57,
	Author = {von Mises, R.},
	Publisher = {Allen and Unwin},
	Title = {Probability, statistics, and truth},
	Year = {1957}}

@article{vanrooij04b,
	Author = {van Rooij, Robert},
	Doi = {10.1023/B:LOGI.0000036830.62877.ee},
	Journal = {Journal of Philosophical Logic},
	Number = {4},
	Pages = {389--419},
	Publisher = {Springer},
	Title = {Utility, informativity and protocols},
	Volume = {33},
	Year = {2004},
	Bdsk-Url-1 = {http://dx.doi.org/10.1023/B:LOGI.0000036830.62877.ee}}

@book{butler1736,
	Author = {Butler, Joseph},
	Title = {The analogy of religion, natural and revealed, to the constitution and course of nature: to which are added, two brief dissertations: on personal identity, and on the nature of virtue; and fifteen sermons},
	Year = {1736}}

@article{steels97,
	Author = {Steels, L.},
	Journal = {Evolution of Communication},
	Number = {1},
	Pages = {1--34},
	Publisher = {Citeseer},
	Title = {{The synthetic modeling of language origins}},
	Volume = {1},
	Year = {1997}}

@book{coulmas05,
	Author = {Coulmas, F.},
	Publisher = {Cambridge University Press},
	Title = {{Sociolinguistics: The Study of Speakers' Choices}},
	Year = {2005}}

@book{maynardsmith82,
	Author = {Maynard-Smith, J.},
	Publisher = {Cambridge University Press},
	Title = {{Evolution and the Theory of Games}},
	Year = {1982}}

@incollection{weinreichlabovherzog68,
	Author = {Weinreich, U. and Labov, W. and Herzog, M.I.},
	Booktitle = {Directions for Historical Linguistics},
	Editor = {Winfred Philipp Lehmann and Yakov Malkiel},
	Publisher = {University of Texas Press},
	Title = {{Empirical foundations for a theory of language change}},
	Year = {1968}}

@article{poplack80,
	Author = {Poplack, S.},
	Journal = {Linguistics},
	Number = {7-8},
	Pages = {581--618},
	Title = {{``Sometimes I'll start a sentence in English y termino en espanol'': Toward a typology of code-switching}},
	Volume = {18},
	Year = {1980}}

@book{gilespowesland75,
	Author = {Giles, H. and Powesland, P.F.},
	Publisher = {Academic Press},
	Title = {{Speech Style and Social Evaluation}},
	Year = {1975}}

@incollection{axtelletal99,
	Author = {Axtell, R.L. and Epstein, J.M. and Young, H.P.},
	Booktitle = {Social Dynamics},
	Editor = {S. N. Durlauf and H. Peyton Young},
	Pages = {191--211},
	Publisher = {MIT Press},
	Title = {{The emergence of classes in a multiagent bargaining model}},
	Year = {1999}}

@article{loebner87,
	Author = {L{\"o}bner, S.},
	Journal = {Studies in discourse representation theory and the theory of generalized quantifiers},
	Pages = {53--85},
	Title = {{Quantification as a major module of natural language semantics}},
	Year = {1987}}

@incollection{myers-scotton00,
	Author = {Myers-Scotton, C.},
	Booktitle = {The Bilingualism Reader},
	Editor = {Li Wei},
	Pages = {137-165},
	Publisher = {Routledge},
	Title = {{Code-switching as indexical of social negotiations}},
	Year = {2000}}

@book{chomsky57,
	Author = {Chomsky, Noam},
	Publisher = {Mouton},
	Title = {Syntactic structures},
	Year = {1957}}

@phdthesis{gajewski05,
	Author = {Gajewski, J.R.},
	School = {MIT},
	Title = {{Neg-raising: Polarity and presupposition}},
	Year = {2005}}

@article{krifka89,
	Author = {Krifka, Manfred},
	Journal = {Semantics and contextual expression},
	Pages = {115},
	Publisher = {Foris Pubns USA},
	Title = {{Nominal reference, temporal constitution and quantification in event semantics}},
	Volume = {75},
	Year = {1989}}

@article{krifka90,
	Author = {Krifka, Manfred},
	Issn = {0165-0157},
	Journal = {Linguistics and Philosophy},
	Number = {5},
	Pages = {487--520},
	Publisher = {JSTOR},
	Title = {{Four thousand ships passed through the lock: Object-induced measure functions on events}},
	Volume = {13},
	Year = {1990}}

@article{krifka98,
	Author = {Krifka, Manfred},
	Journal = {Events and grammar},
	Pages = {235},
	Title = {{The origins of telicity}},
	Volume = {197},
	Year = {1998}}

@article{nerbonne95,
	Author = {Nerbonne, John},
	Issn = {0925-8531},
	Journal = {Journal of Logic, Language and Information},
	Number = {4},
	Pages = {273--300},
	Publisher = {Springer},
	Title = {{Nominal comparatives and generalized quantifiers}},
	Volume = {4},
	Year = {1995}}

@article{suppes59,
	Author = {Suppes, Patrick},
	Journal = {Measurement: definitions and theories},
	Pages = {129},
	Publisher = {Wiley},
	Title = {{Measurement, empirical meaningfulness, and three-valued logic}},
	Year = {1959}}

@article{robertsluce68,
	Author = {Roberts, Fred S. and Luce, R. Duncan},
	Issn = {0039-7857},
	Journal = {Synthese},
	Number = {4},
	Pages = {311--326},
	Publisher = {Springer},
	Title = {{Axiomatic thermodynamics and extensive measurement}},
	Volume = {18},
	Year = {1968}}

@article{jeffrey65b,
	Author = {Richard C. Jeffrey},
	Journal = {Journal of Philosophy},
	Number = {19},
	Pages = {528--539},
	Publisher = {JSTOR},
	Title = {{Ethics and the logic of decision}},
	Volume = {62},
	Year = {1965}}

@article{chisholm64,
	Author = {Chisholm, Roderick M.},
	Issn = {0003-0481},
	Journal = {American Philosophical Quarterly},
	Number = {2},
	Pages = {147--153},
	Publisher = {JSTOR},
	Title = {{The ethics of requirement}},
	Volume = {1},
	Year = {1964}}

@article{meinong17,
	Author = {Meinong, A.},
	Journal = {Sitzungsberichte der Kaiserlichen Akademie der Wissenschaften in Wien. Philosophisch-historische Klasse},
	Number = {2},
	Title = {{{\"U}ber emotionale Pr{\"a}sentation}},
	Volume = {183},
	Year = {1917}}

@article{ross10,
	Author = {Ross, Jacob},
	Issn = {0022-3611},
	Journal = {Journal of Philosophical Logic},
	Number = {3},
	Pages = {307--323},
	Publisher = {Springer},
	Title = {{The Irreducibility of Personal Obligation}},
	Volume = {39},
	Year = {2010}}

@article{harsanyi78,
	Author = {Harsanyi, John C.},
	Issn = {0002-8282},
	Journal = {The American Economic Review},
	Number = {2},
	Pages = {223--228},
	Publisher = {JSTOR},
	Title = {{Bayesian decision theory and utilitarian ethics}},
	Volume = {68},
	Year = {1978}}

@book{broome91,
	Author = {Broome, John},
	Isbn = {0631199721},
	Publisher = {Wiley-Blackwell},
	Title = {{Weighing Goods: Equality, Uncertainty and Time}},
	Year = {1995}}

@book{broome99,
	Author = {Broome, John},
	Publisher = {Cambridge University Press},
	Title = {{Ethics out of Economics}},
	Year = {1999}}

@article{vanfraassen73,
	Author = {van Fraassen, Bas C.},
	Journal = {Journal of Philosophy},
	Number = {1},
	Pages = {5--19},
	Title = {{Values and the heart's command}},
	Volume = {70},
	Year = {1973}}

@article{vanfraassen66,
	Author = {van Fraassen, Bas C.},
	Issn = {0022-362X},
	Journal = {Journal of Philosophy},
	Number = {17},
	Pages = {481--495},
	Publisher = {JSTOR},
	Title = {{Singular terms, truth-value gaps, and free logic}},
	Volume = {63},
	Year = {1966}}

@article{vanfraassen68,
	Author = {van Fraassen, Bas C.},
	Issn = {0022-362X},
	Journal = {Journal of Philosophy},
	Number = {5},
	Pages = {136--152},
	Publisher = {JSTOR},
	Title = {{Presupposition, implication, and self-reference}},
	Volume = {65},
	Year = {1968}}

@incollection{gallistel06,
	Author = {Gallistel, C. R. and Gelman, R. and Cordes, S.},
	Booktitle = {Culture and Evolution},
	Editor = {S. Levinson and P. Jaisson},
	Isbn = {0262621975},
	Pages = {247--274},
	Publisher = {MIT Press},
	Title = {{The Cultural and Evolutionary History of the Real Numbers.}},
	Year = {2006}}

@incollection{gallistel05,
	Author = {Gallistel, C. R. and Gelman, R.},
	Booktitle = {Cambridge Handbook of Thinking and Reasoning},
	Editor = {K. Holyoak and R. Morrison},
	Isbn = {0521824176},
	Pages = {559--588},
	Publisher = {Cambridge University Press},
	Title = {{Mathematical Cognition.}},
	Year = {2005}}

@book{carey09,
	Author = {Susan Carey},
	Publisher = {Oxford University Press},
	Title = {{The Origin of Concepts}},
	Year = {2009}}

@book{lepage85,
	Author = {Le Page, R.B. and Tabouret-Keller, A.},
	Publisher = {Cambridge University Press},
	Title = {{Acts of identity: Creole-based approaches to language and ethnicity}},
	Year = {1985}}

@article{scottsuppes58,
	Author = {Scott, Dana and Suppes, Patrick},
	Journal = {Journal of Symbolic Logic},
	Number = {2},
	Pages = {113-128},
	Publisher = {Association for Symbolic Logic},
	Title = {{Foundational aspects of theories of measurement}},
	Volume = {23},
	Year = {1958}}

@article{hoelder1901,
	Author = {H{\"o}lder, Otto},
	Journal = {Ber. Verh. Kgl. S{\"a}chsis. Ges. Wiss. Leipzig, Math.-Phys. Klasse},
	Pages = {1--64},
	Title = {{Die Axiome der Quantit{\"a}t und die Lehre vom Mass}},
	Volume = {53},
	Year = {1901}}

@article{lewis79,
	Author = {Lewis, David},
	Doi = {10.1007/BF00258436},
	Issn = {0022-3611},
	Journal = {Journal of Philosophical Logic},
	Number = {1},
	Pages = {339--359},
	Publisher = {Springer},
	Title = {{Scorekeeping in a language game}},
	Volume = {8},
	Year = {1979},
	Bdsk-Url-1 = {http://dx.doi.org/10.1007/BF00258436}}

@article{larsoncho03,
	Author = {Larson, Richard and Cho, Sungeun},
	Journal = {Natural Language Semantics},
	Number = {3},
	Pages = {217--247},
	Publisher = {Springer},
	Title = {Temporal adjectives and the structure of possessive DPs},
	Volume = {11},
	Year = {2003}}

@inproceedings{larson98,
	Author = {Larson, Richard},
	Booktitle = {Proceedings of SALT},
	Pages = {145--168},
	Title = {Events and modification in nominals},
	Volume = {8},
	Year = {1998}}

@article{geurts03,
	Author = {Geurts, B.},
	Journal = {Cognition},
	Number = {3},
	Pages = {223--251},
	Publisher = {Elsevier},
	Title = {Reasoning with quantifiers},
	Volume = {86},
	Year = {2003}}

@incollection{chomsky70,
	Author = {Chomsky, Noam},
	Booktitle = {Readings in English Transformational Grammar},
	Editor = {Jacobs and Rosenbaum},
	Pages = {184--221},
	Publisher = {Ginn and Company},
	Title = {{Remarks on nominalization}},
	Year = {1970}}

@incollection{geurts06,
	Author = {Geurts, Bart},
	Booktitle = {Non-{D}efiniteness and {P}lurality},
	Editor = {Vogeleer and Tasmowski},
	Pages = {311--329},
	Publisher = {John Benjamins},
	Title = {{Take `five': the meaning and use of a number word}},
	Year = {2006}}

@phdthesis{siegel76,
	Author = {Siegel, Muffy Ann},
	School = {University of Massachusetts at Amherst},
	Title = {Capturing the Adjective},
	Year = {1976}}

@book{heimkratzer1998,
	Author = {Heim, Irene and Kratzer, Angelika},
	Publisher = {Blackwell},
	Title = {Semantics in Generative Grammar},
	Year = {1998}}

@inproceedings{heim83,
	Author = {Heim, Irene},
	Booktitle = {Proceedings of the Second West Coast Conference on Formal Linguistics},
	Editor = {D. Flickinger et al.},
	Publisher = {Stanford University Press},
	Title = {{On the projection problem for presuppositions}},
	Year = {1983}}

@incollection{kamp84,
	Author = {Kamp, Hans},
	Booktitle = {Truth, Interpretation, Information},
	Editor = {J. Groenendjik, T. Janssen and Martin Stockhof},
	Pages = {1--41},
	Title = {A theory of truth and semantic representation},
	Year = {1984}}

@phdthesis{heim82,
	Author = {Heim, Irene},
	Publisher = {University of Massachusetts at Amherst},
	Title = {The semantics of definite and indefinite noun phrases},
	Year = {1982}}

@inproceedings{lassiter10a,
	Author = {D. Lassiter},
	Booktitle = {Semantics \& {L}inguistic {T}heory {(SALT)} 20},
	Editor = {N. Li and D. Lutz},
	Pages = {197-215},
	Publisher = {CLC Publications},
	Title = {Gradable Epistemic Modals, Probability, and Scale Structure},
	Year = 2010}

@inproceedings{lassiter12b,
	Author = {D. Lassiter},
	Booktitle = {Semantics \& {L}inguistic {T}heory {(SALT)} 22},
	Editor = {A. Chereches},
	Publisher = {CLC Publications},
	Title = {Quantificational and modal interveners in degree constructions},
	Year = 2013}

@book{hacking01,
	Author = {Hacking, I.},
	Publisher = {Cambridge University Press},
	Title = {An Introduction to Probability and Inductive Logic},
	Year = {2001}}

@article{geurtsnouwen07,
	Author = {Geurts, Bart and Nouwen, Rick},
	Issn = {0097-8507},
	Journal = {Language},
	Number = {3},
	Pages = {533},
	Publisher = {Linguistic Society of America},
	Title = {{At least et al.: the semantics of scalar modifiers}},
	Volume = {83},
	Year = {2007}}

@inproceedings{horn92,
	Address = {Ithaca, NY},
	Author = {Horn, Laurence},
	Booktitle = {Semantics and {L}inguistic {T}heory {(SALT)} 2},
	Editor = {Barker and Dowty},
	Pages = {163--192},
	Publisher = {CLC Publications},
	Title = {{The said and the unsaid}},
	Year = {1992}}

@article{horn00,
	Author = {Horn, Laurence},
	Doi = {10.1016/S0378-2166(99)00053-3},
	Journal = {Journal of Pragmatics},
	Number = {3},
	Pages = {289--326},
	Publisher = {Elsevier},
	Title = {From if to iff: Conditional perfection as pragmatic strengthening},
	Volume = {32},
	Year = {2000},
	Bdsk-Url-1 = {http://dx.doi.org/10.1016/S0378-2166(99)00053-3}}

@article{vanrooij10,
	Author = {van Rooij, Robert},
	Journal = {Journal of Semantics},
	Number = {3},
	Pages = {335-358},
	Title = {{Measurement, and interadjective comparisons}},
	Volume = {28},
	Year = {2011}}

@article{vanderauwera97,
	Author = {van der Auwera, Johan},
	Doi = {10.1016/S0378-2166(96)00058-6},
	Journal = {Journal of Pragmatics},
	Number = {3},
	Pages = {261--274},
	Publisher = {Elsevier},
	Title = {Pragmatics in the last quarter century: The case of conditional perfection},
	Volume = {27},
	Year = {1997},
	Bdsk-Url-1 = {http://dx.doi.org/10.1016/S0378-2166(96)00058-6}}

@article{geis71,
	Author = {Geis, Michael L. and Zwicky, Arnold M.},
	Journal = {Linguistic inquiry},
	Number = {4},
	Pages = {561--566},
	Publisher = {JSTOR},
	Title = {On invited inferences},
	Url = {http://www.jstor.org/stable/4177664},
	Volume = {2},
	Year = {1971},
	Bdsk-Url-1 = {http://www.jstor.org/stable/4177664}}

@incollection{suppeszinnes63,
	Author = {Suppes, Patrick and Zinnes, Joseph L.},
	Booktitle = {Handbook of Mathematical Psychology},
	Editor = {R. D. Luce and R. R. Bush and E. Galanter},
	Pages = {1-63},
	Publisher = {Wiley},
	Title = {{Basic measurement theory}},
	Volume = {1},
	Year = {1963}}

@book{luce59,
	Author = {Luce, R.D.},
	Publisher = {John Wiley},
	Title = {Individual choice behavior: A theoretical analysis},
	Year = {1959}}

@book{roberts79,
	Author = {Roberts, Fred S.},
	Publisher = {Addison Wesley Publishing Company},
	Title = {{Measurement Theory with Applications to Decisionmaking, Utility, and the Social Sciences}},
	Year = {1979}}

@book{krantzetal71,
	Author = {Krantz, David H. and Luce, R. Duncan and Suppes, Patrick and Tversky, Amos},
	Publisher = {Academic Press},
	Title = {{Foundations of Measurement}},
	Year = {1971}}

@article{fishburn86,
	Author = {Fishburn, Peter C.},
	Issn = {0883-4237},
	Journal = {Statistical Science},
	Number = {3},
	Pages = {335--345},
	Publisher = {JSTOR},
	Title = {{The axioms of subjective probability}},
	Volume = {1},
	Year = {1986}}

@book{keynes21,
	Author = {Keynes, John Maynard},
	Publisher = {Macmillan},
	Title = {{A Treatise on Probability}},
	Year = {1921}}

@article{kps59,
	Author = {Kraft, Charles H. and Pratt, John W. and Seidenberg, A.},
	Issn = {0003-4851},
	Journal = {The Annals of Mathematical Statistics},
	Number = {2},
	Pages = {408--419},
	Publisher = {JSTOR},
	Title = {{Intuitive probability on finite sets}},
	Volume = {30},
	Year = {1959}}

@article{corver97,
	Author = {Corver, N.},
	Issn = {0024-3892},
	Journal = {Linguistic Inquiry},
	Number = {1},
	Pages = {119--164},
	Title = {{\emph{Much}-support as a last resort}},
	Volume = {28},
	Year = {1997}}

@phdthesis{bale06,
	Author = {Bale, Alan C.},
	School = {McGill University},
	Title = {{The universal scale and the semantics of comparison}},
	Year = {2006}}

@article{bale08,
	Author = {Bale, Alan C.},
	Issn = {0165-0157},
	Journal = {Linguistics and Philosophy},
	Number = {1},
	Pages = {1--55},
	Publisher = {Springer},
	Title = {{A universal scale of comparison}},
	Volume = {31},
	Year = {2008}}

@article{bale11,
	Author = {Bale, Alan C.},
	Journal = {Natural Language Semantics},
	Title = {{Scales and comparison classes}},
	Year = {2011}}

@article{kennedylevin08,
	Author = {Kennedy, C. and Levin, B.},
	Journal = {Adjectives and adverbs: Syntax, semantics, and discourse},
	Pages = {156--182},
	Publisher = {Citeseer},
	Title = {{Measure of change: The adjectival core of degree achievements}},
	Year = {2008}}

@phdthesis{sag76,
	Author = {Sag, Ivan A},
	School = {MIT},
	Title = {Deletion and logical form},
	Year = {1976}}

@article{kennedy97b,
	Author = {Kennedy, Christopher},
	Journal = {Linguistic Inquiry},
	Pages = {662--688},
	Publisher = {JSTOR},
	Title = {Antecedent-contained deletion and the syntax of quantification},
	Year = {1997}}

@article{fox02,
	Author = {Fox, Danny},
	Journal = {Linguistic Inquiry},
	Number = {1},
	Pages = {63--96},
	Publisher = {MIT Press},
	Title = {Antecedent-contained deletion and the copy theory of movement},
	Volume = {33},
	Year = {2002}}

@book{may85,
	Author = {May, Robert},
	Publisher = {The MIT Press},
	Title = {Logical Form: Its structure and derivation},
	Volume = {12},
	Year = {1985}}

@article{chomsky76,
	Author = {Chomsky, Noam},
	Journal = {Linguistic analysis},
	Number = {4},
	Pages = {303--351},
	Title = {Conditions on rules of grammar},
	Volume = {2},
	Year = {1976}}

@phdthesis{may77,
	Author = {May, Robert},
	School = {Massachusetts Institute of Technology},
	Title = {The grammar of quantification},
	Year = {1977}}

@article{freer2012computable,
	Author = {Freer, Cameron E and Roy, Daniel M},
	Journal = {Annals of Pure and Applied Logic},
	Number = {5},
	Pages = {530--546},
	Publisher = {Elsevier},
	Title = {Computable de Finetti measures},
	Volume = {163},
	Year = {2012}}

@inproceedings{ramsey2002stochastic,
	Author = {Ramsey, Norman and Pfeffer, Avi},
	Booktitle = {ACM SIGPLAN Notices},
	Number = {1},
	Organization = {ACM},
	Pages = {154--165},
	Title = {Stochastic lambda calculus and monads of probability distributions},
	Volume = {37},
	Year = {2002}}

@book{jackendoff1983semantics,
	Author = {Jackendoff, Ray},
	Publisher = {The MIT Press},
	Title = {Semantics and cognition},
	Volume = {8},
	Year = {1983}}

@article{lakoff1987women,
	Author = {Lakoff, George},
	Publisher = {Cambridge Univ Press},
	Title = {Women, fire, and dangerous things: What categories reveal about the mind},
	Year = {1987}}

@book{jackendoff72,
	Author = {Jackendoff, Ray},
	Publisher = {MIT Press},
	Title = {Semantic interpretation in generative grammar},
	Year = {1972}}

@article{jackendoff91,
	Author = {Jackendoff, Ray},
	Journal = {Cognition},
	Number = {1},
	Pages = {9--45},
	Publisher = {Elsevier},
	Title = {Parts and boundaries},
	Volume = {41},
	Year = {1991}}

@conference{hayetal99,
	Author = {Hay, J. and Kennedy, C. and Levin, B.},
	Booktitle = {Semantics and {L}inguistic {T}heory 9},
	Pages = {127--144},
	Title = {{Scalar structure underlies telicity in `degree achievements}},
	Year = {1999}}

@article{cartwright75,
	Author = {Cartwright, H.M.},
	Issn = {0029-4624},
	Journal = {Nous},
	Number = {2},
	Pages = {143--164},
	Publisher = {JSTOR},
	Title = {{Amounts and Measures of Amount}},
	Volume = {9},
	Year = {1975}}

@article{sassoon09,
	Author = {Sassoon, Galit},
	Issn = {0039-7857},
	Journal = {Synthese},
	Number = {1},
	Pages = {151--180},
	Publisher = {Springer},
	Title = {{Measurement theory in linguistics}},
	Volume = {174},
	Year = {2010}}

@article{shannon48,
	Author = {Claude E. Shannon},
	Journal = {Bell System Technical Journal},
	Pages = {379--423},
	Title = {{A Mathematical Theory of Communication}},
	Volume = {27},
	Year = {1948}}

@article{sassoon10,
	Author = {Sassoon, Galit},
	Journal = {Natural Language Semantics},
	Number = {2},
	Pages = {141--181},
	Title = {{The degree functions of negative adjectives}},
	Volume = {18},
	Year = {2010}}

@incollection{bierwisch89,
	Author = {Bierwisch, Manfred},
	Booktitle = {Dimensional Adjectives: Grammatical Structure and Conceptual Interpretation},
	Editor = {M. Bierwisch and E. Lang},
	Pages = {71--261},
	Publisher = {Springer-Verlag},
	Title = {{The semantics of gradation}},
	Year = {1989}}

@book{parikh01,
	Author = {Parikh, Prashant},
	Publisher = {CSLI Publications},
	Title = {{The Use of Language}},
	Year = {2001}}

@book{dietz10,
	Author = {Dietz, Richard and Moruzzi, Sebastiano},
	Publisher = {Oxford University Press},
	Title = {Cuts and Clouds: Vaguenesss, its Nature and its Logic},
	Year = {2010}}

@article{parikh94,
	Author = {Parikh, Rohit},
	Journal = {Linguistics and Philosophy},
	Number = {6},
	Pages = {521--535},
	Publisher = {Springer},
	Title = {Vagueness and utility: The semantics of common nouns},
	Volume = {17},
	Year = {1994}}

@incollection{merin99,
	Author = {Merin, A.},
	Booktitle = {Logic, Language, and computation},
	Editor = {L.S. Moss and J. Ginzburg and M. de Rijke},
	Pages = {179--221},
	Publisher = {CSLI Publications},
	Title = {{Information, relevance, and social decisionmaking: Some principles and results of decision-theoretic semantics}},
	Volume = {2},
	Year = {1999}}

@article{jaegervanrooij07,
	Author = {J{\"a}ger, Gerhard and van Rooij, Robert},
	Journal = {Synthese},
	Number = {1},
	Pages = {99--130},
	Publisher = {Springer},
	Title = {{Language structure: psychological and social constraints}},
	Volume = {159},
	Year = {2007}}

@incollection{fox07,
	Author = {Fox, D.},
	Booktitle = {Presupposition and implicature in compositional semantics},
	Editor = {Uli Sauerland and Penka Stateva},
	Pages = {71--120},
	Publisher = {Palgrave Macmillan},
	Title = {{Free choice and the theory of scalar implicatures}},
	Year = {2007}}

@article{schulz05,
	Author = {Schulz, K.},
	Issn = {0039-7857},
	Journal = {Synthese},
	Number = {2},
	Pages = {343--377},
	Publisher = {Springer},
	Title = {{A Pragmatic Solution for the Paradox of Free Choice Permission}},
	Volume = {147},
	Year = {2005}}

@book{horney42,
	Author = {Horney, Karen},
	Publisher = {W.W. Norton \& Company},
	Title = {{The collected works of Karen Horney (volume II)}},
	Year = {1942}}

@article{bowman98,
	Author = {Bowman, C.G.},
	Journal = {American University Journal of Gender, Social Policy \& the Law},
	Pages = {149},
	Title = {{Women and the Legal Profession}},
	Volume = {7},
	Year = {1998}}

@article{copley06,
	Author = {Copley, Bridget},
	Journal = {\emph{Ms., CNRS/University of Paris 8}},
	Title = {{What should \emph{should} mean?}},
	Year = {2006}}

@article{klinedinstrothschild10,
	Author = {Nathan Klinedinst and Daniel Rothschild},
	Journal = {Natural Language Semantics \emph{(in press)}.},
	Title = {{Connectives without truth-tables}},
	Url = {http://users.ox.ac.uk/~sfop0300/connectives.pdf},
	Year = {2012},
	Bdsk-Url-1 = {http://users.ox.ac.uk/~sfop0300/connectives.pdf}}

@article{osherson90,
	Author = {Osherson, D.N. and Smith, E.E. and Wilkie, O. and Lopez, A. and Shafir, E.},
	Journal = {Psychological review},
	Number = {2},
	Pages = {185},
	Publisher = {American Psychological Association},
	Title = {Category-based induction.},
	Volume = {97},
	Year = {1990}}

@article{macchietal99,
	Author = {Macchi, Laura and Osherson, Daniel and Krantz, David H.},
	Journal = {Psychological Review},
	Number = {1},
	Pages = {210},
	Publisher = {American Psychological Association},
	Title = {A note on superadditive probability judgment.},
	Volume = {106},
	Year = {1999}}

@article{rothschild11,
	Author = {Daniel Rothschild},
	Journal = {\emph{Ms., Oxford University}},
	Title = {{A note on conditionals and restrictors}},
	Year = {2011}}

@article{lemmon62,
	Author = {Lemmon, E.J.},
	Journal = {The Philosophical Review},
	Pages = {139--158},
	Publisher = {JSTOR},
	Title = {Moral dilemmas},
	Year = {1962}}

@article{swanson11,
	Author = {Swanson, Eric},
	Journal = {Journal of Philosophical Logic},
	Pages = {1--21},
	Publisher = {Springer},
	Title = {On the treatment of incomparability in ordering semantics and premise semantics},
	Year = {2011}}

@article{swanson08,
	Author = {Swanson, Eric},
	Journal = {Philosophy Compass},
	Number = {6},
	Pages = {1193--1207},
	Title = {Modality in language},
	Volume = {3},
	Year = {2008}}

@article{egrecozic11,
	Author = {Egr{\'e}, Paul and Cozic, Mika{\"e}l},
	Journal = {Topoi},
	Pages = {1--13},
	Publisher = {Springer},
	Title = {If-Clauses and Probability Operators},
	Url = {http://www.springerlink.com/content/t61r3u06227811q8/},
	Year = {2011},
	Bdsk-Url-1 = {http://www.springerlink.com/content/t61r3u06227811q8/}}

@book{mackay03,
	Author = {MacKay, David J.C.},
	Publisher = {Cambridge University Press},
	Title = {Information Theory, Inference, and Learning Algorithms},
	Url = {http://www.inference.phy.cam.ac.uk/itprnn/book.pdf},
	Year = {2003},
	Bdsk-Url-1 = {http://www.inference.phy.cam.ac.uk/itprnn/book.pdf}}

@incollection{beaverzeevat07,
	Author = {Beaver, David and Zeevat, Henk},
	Booktitle = {Oxford Handbook of Linguistic Interfaces},
	Editor = {Gillian Ramchand and Charles Reiss},
	Publisher = {Oxford University Press},
	Title = {Accommodation},
	Year = {2007}}

@book{geurts99,
	Author = {Geurts, Bart},
	Publisher = {Elsevier},
	Title = {Presuppositions and Pronouns},
	Year = {1999}}

@article{vandersandt92,
	Author = {van der Sandt, Rob A.},
	Doi = {10.1093/jos/9.4.333},
	Journal = {Journal of Semantics},
	Number = {4},
	Pages = {333},
	Title = {Presupposition projection as anaphora resolution},
	Volume = {9},
	Year = {1992},
	Bdsk-Url-1 = {http://dx.doi.org/10.1093/jos/9.4.333}}

@phdthesis{franke09,
	Author = {Franke, M.},
	School = {Institute for Logic, Language and Computation, University of Amsterdam},
	Title = {Signal to act: Game theory in pragmatics},
	Year = {2009}}

@inproceedings{franke12a,
	Author = {Franke, Michael},
	Booktitle = {The Evolution of Language: Proceedings of 9th International Conference (EvoLang 9)},
	Editor = {Thomas C. Scott-Phillips},
	Title = {{Scales, Salience and Referential Safety: The Benefit of Communicating the Extreme}},
	Year = {2012}}

@inproceedings{franke12b,
	Author = {Franke, Michael},
	Booktitle = {Amsterdam Colloquium 2011},
	Editor = {Maria Aloni and Floris Roelofsen and Katrin Schulz},
	Publisher = {Springer},
	Title = {{On Scales, Salience and Referential Language Use (A Revisit)}},
	Year = {2012}}

@inproceedings{franketal09,
	Author = {Frank, M.C. and Goodman, N.D. and Lai, P. and Tenenbaum, J.B.},
	Booktitle = {Proceedings of the 31st annual conference of the cognitive science society},
	Pages = {206--211},
	Title = {Informative communication in word production and word learning},
	Year = {2009}}

@article{yalcin05,
	Author = {Yalcin, Seth},
	Journal = {MIT Working Papers in Linguistics},
	Pages = {231},
	Title = {A puzzle about epistemic modals},
	Volume = {51},
	Year = {2005}}

@article{grice57,
	Author = {Grice, H.P.},
	Journal = {The Philosophical Review},
	Number = {3},
	Pages = {377--388},
	Title = {Meaning},
	Volume = {66},
	Year = {1957}}

@book{cover91,
	Author = {Cover, Thomas M. and Thomas, Joy A.},
	Publisher = {Wiley},
	Title = {Elements of Information Theory},
	Year = {1991}}

@article{hampton07,
	Author = {Hampton, J.A.},
	Journal = {Cognitive Science},
	Number = {3},
	Pages = {355--384},
	Publisher = {Wiley Online Library},
	Title = {Typicality, graded membership, and vagueness},
	Volume = {31},
	Year = {2007}}

@incollection{quinley12,
	Author = {Quinley, Jason},
	Booktitle = {New Directions in Logic, Language, and Computation},
	Editor = {D. Lassiter and M. Slavkovic},
	Publisher = {Springer},
	Title = {Politeness and Trust Games},
	Year = {2012}}

@article{verheyen10,
	Author = {Verheyen, S. and Hampton, J.A. and Storms, G.},
	Journal = {Acta psychologica},
	Number = {2},
	Pages = {216--225},
	Publisher = {Elsevier},
	Title = {A probabilistic threshold model: Analyzing semantic categorization data with the Rasch model},
	Volume = {135},
	Year = {2010}}

@article{rosch78,
	Author = {Rosch, E.},
	Journal = {Concepts: core readings},
	Publisher = {MIT Press. Massachusetts (USA)},
	Title = {Principles of categorization},
	Year = {1978}}

@incollection{travis97,
	Author = {Charles Travis},
	Booktitle = {A Companion to the Philosophy of Language},
	Editor = {Hale, B. and Wright, C.},
	Publisher = {Blackwell},
	Title = {Pragmatics},
	Year = {1997}}

@book{brown87,
	Author = {Brown, P. and Levinson, S.C.},
	Publisher = {Cambridge University Press},
	Title = {Politeness: Some universals in language usage},
	Volume = {4},
	Year = {1987}}

@inproceedings{jaeger06,
	Author = {Levy, Roger and Jaeger, T. Florian},
	Booktitle = {Proceedings of NIPS},
	Title = {Speakers optimize information density through syntactic reduction},
	Year = {2006}}

@inproceedings{maurits10,
	Author = {Maurits, L. and Perfors, A. and Navarro, D.},
	Booktitle = {Proceedings of NIPS},
	Title = {Why are some word orders more common than others? A uniform information density account},
	Year = {2010}}

@article{jaeger11,
	Author = {Jaeger, T.F. and Tily, H.},
	Journal = {Wiley Interdisciplinary Reviews: Cognitive Science},
	Number = {3},
	Pages = {323--335},
	Publisher = {Wiley Online Library},
	Title = {On language `utility': processing complexity and communicative efficiency},
	Volume = {2},
	Year = {2011}}

@article{piantadosi11,
	Author = {Piantadosi, S.T. and Tily, H. and Gibson, E.},
	Journal = {Proceedings of the National Academy of Sciences},
	Number = {9},
	Pages = {3526--3529},
	Publisher = {National Acad Sciences},
	Title = {Word lengths are optimized for efficient communication},
	Volume = {108},
	Year = {2011}}

@article{jaeger10,
	Author = {Jaeger, T. Florian},
	Journal = {Cognitive Psychology},
	Number = {1},
	Pages = {23--62},
	Publisher = {Elsevier},
	Title = {Redundancy and reduction: Speakers manage syntactic information density},
	Volume = {61},
	Year = {2010}}

@article{hobbs93,
	Author = {Hobbs, Jerry R. and Stickel, Mark E. and Appelt, Douglas E. and Martin, Paul},
	Journal = {Artificial Intelligence},
	Number = {1-2},
	Pages = {69--142},
	Publisher = {Elsevier},
	Title = {Interpretation as abduction},
	Volume = {63},
	Year = {1993}}

@incollection{thomason90,
	Author = {Thomason, Richmond},
	Booktitle = {Intentions in Communication},
	Editor = {J. Cohen, P. Morgan, M. Pollock},
	Publisher = {MIT Press},
	Title = {Accommodation, meaning, and implicature: Interdisciplinary foundations for pragmatics},
	Url = {http://cisnet.mit.edu/Intentions-in-Communication/338},
	Volume = {325363},
	Year = {1990},
	Bdsk-Url-1 = {http://cisnet.mit.edu/Intentions-in-Communication/338}}

@misc{heimvonfintel12,
	Author = {von Fintel, Kai and Heim, Irene},
	Note = {Ms., Massachusetts Institute of Technology},
	Title = {Intensional semantics},
	Url = {http://web.mit.edu/fintel/www/intens_sem.pdf},
	Year = {2012},
	Bdsk-Url-1 = {http://web.mit.edu/fintel/www/intens_sem.pdf}}

@incollection{grice75,
	Author = {Grice, H. Paul},
	Booktitle = {Syntax and semantics 9: Pragmatics},
	Editor = {P. Cole and J. Morgan},
	Pages = {41--58},
	Publisher = {Academic Press},
	Title = {Logic and conversation},
	Year = {1975}}

@conference{kamp73,
	Author = {Kamp, H.},
	Booktitle = {Proceedings of the Aristotelian Society},
	Issn = {0066-7374},
	Pages = {57--74},
	Title = {{Free choice permission}},
	Volume = {74},
	Year = {1973}}

@article{driver97,
	Author = {Driver, Julia},
	Issn = {0031-8205},
	Journal = {Philosophy and Phenomenological Research},
	Number = {4},
	Pages = {851--870},
	Publisher = {JSTOR},
	Title = {{The Ethics of Intervention}},
	Volume = {57},
	Year = {1997}}

@article{barker10,
	Author = {Barker, C.},
	Issn = {1937-8912},
	Journal = {Semantics and Pragmatics},
	Pages = {1--38},
	Title = {{Free choice permission as resource-sensitive reasoning}},
	Volume = {3},
	Year = {2010}}

@article{goble96,
	Author = {Goble, L.},
	Issn = {0031-8116},
	Journal = {Philosophical Studies},
	Number = {3},
	Pages = {317--357},
	Publisher = {Springer},
	Title = {{Utilitarian deontic logic}},
	Volume = {82},
	Year = {1996}}

@article{stevens46,
	Author = {Stevens, S.S.},
	Journal = {Science},
	Number = {2684},
	Pages = {677--680},
	Title = {{On the theory of scales of measurement}},
	Volume = {103},
	Year = {1946}}

@book{wakker10,
	Author = {Wakker, Peter P.},
	Isbn = {0521748682},
	Publisher = {Cambridge University Press},
	Title = {{Prospect Theory: For Risk and Ambiguity}},
	Year = {2010}}

@article{kahneman03,
	Author = {Kahneman, D.},
	Issn = {0002-8282},
	Journal = {The American economic review},
	Number = {5},
	Pages = {1449--1475},
	Publisher = {JSTOR},
	Title = {{Maps of bounded rationality: Psychology for behavioral economics}},
	Volume = {93},
	Year = {2003}}

@article{kt79,
	Author = {Kahneman, Daniel and Tversky, Amos},
	Issn = {0012-9682},
	Journal = {Econometrica: Journal of the Econometric Society},
	Pages = {263--291},
	Publisher = {JSTOR},
	Title = {{Prospect theory: An analysis of decision under risk}},
	Year = {1979}}

@incollection{vanrooij99,
	Author = {van Rooij, Robert},
	Booktitle = {Logic, Game Theory, and Social Choice},
	Editor = {de Swart, H.},
	Publisher = {Tilburg University Press},
	Title = {{Some analyses of pro-attitudes}},
	Year = {1999}}

@book{huddlestonpullum02,
	Author = {Huddleston, R. and Pullum, G.K.},
	Publisher = {Cambridge University Press},
	Title = {{The Cambridge Grammar of English}},
	Year = {2002}}

@article{vanrooij09,
	Author = {van Rooij, Robert},
	Journal = {\emph{Ms., ILLC, Universteit van Amsterdam}},
	Title = {{Up and down the scale: Adjectives, comparisons, and measurement}},
	Year = {2009}}

@article{klein80,
	Author = {Klein, Ewan},
	Journal = {Linguistics and Philosophy},
	Number = {1},
	Pages = {1--45},
	Publisher = {Springer},
	Title = {{A semantics for positive and comparative adjectives}},
	Volume = {4},
	Year = {1980}}

@article{klein82,
	Author = {Klein, Ewan},
	Issn = {0022-2267},
	Journal = {Journal of Linguistics},
	Number = {1},
	Pages = {113--136},
	Publisher = {Cambridge University Press},
	Title = {{The interpretation of adjectival comparatives}},
	Volume = {18},
	Year = {1982}}

@incollection{klein91,
	Author = {Klein, Ewan},
	Booktitle = {Semantik: Ein internationales {H}andbuch der zeitgen{\"o}ssischen {F}orschung},
	Editor = {von Stechow, A. and Wunderlich, D.},
	Publisher = {Walter de Gruyter},
	Title = {{Comparatives}},
	Year = {1991}}

@book{narens85,
	Author = {Narens, Louis},
	Publisher = {MIT Press},
	Title = {{Abstract Measurement Theory}},
	Year = {1985}}

@book{ellis66,
	Author = {Ellis, Brian},
	Publisher = {Cambridge University Press},
	Title = {{Basic Concepts of Measurement}},
	Year = {1966}}

@article{tversky77,
	Author = {Tversky, Amos},
	Issn = {1939-1471},
	Journal = {Psychological Review},
	Number = {4},
	Pages = {327},
	Publisher = {American Psychological Association},
	Title = {{Features of similarity.}},
	Volume = {84},
	Year = {1977}}

@article{cox46,
	Author = {Cox, R.T.},
	Journal = {American journal of physics},
	Number = {1},
	Pages = {1--13},
	Title = {Probability, frequency and reasonable expectation},
	Url = {http://algomagic.org/ProbabilityFrequencyReasonableExpectation.pdf},
	Volume = {14},
	Year = {1946},
	Bdsk-Url-1 = {http://algomagic.org/ProbabilityFrequencyReasonableExpectation.pdf}}

@article{vanrooij03,
	Author = {van Rooij, Robert},
	Doi = {10.1023/B:LING.0000004548.98658.8f},
	Journal = {Linguistics and Philosophy},
	Number = {6},
	Pages = {727--763},
	Publisher = {Springer},
	Title = {Questioning to resolve decision problems},
	Volume = {26},
	Year = {2003},
	Bdsk-Url-1 = {http://dx.doi.org/10.1023/B:LING.0000004548.98658.8f}}

@article{vanhorn03,
	Author = {Van Horn, K.S.},
	Journal = {International Journal of Approximate Reasoning},
	Number = {1},
	Pages = {3--24},
	Publisher = {Elsevier},
	Title = {Constructing a logic of plausible inference: A guide to {C}ox's theorem},
	Url = {http://ksvanhorn.com/bayes/Papers/rcox.pdf},
	Volume = {34},
	Year = {2003},
	Bdsk-Url-1 = {http://ksvanhorn.com/bayes/Papers/rcox.pdf}}

@booklet{laplace1814,
	Author = {Laplace, Pierre},
	Title = {{Essai philosophique sur les probabilit{\'e}s}},
	Year = {1814}}

@incollection{slovicetal76,
	Author = {Slovic, Paul and Fischhoff, Baruch and Lichtenstein, Sarah},
	Booktitle = {Cognition and Social Behavior},
	Editor = {J. S. Carrol and J. W. Payne},
	Publisher = {Erlbaum},
	Title = {{Cognitive processes and societal risk taking}},
	Year = {1976}}

@book{gould92,
	Author = {Gould, Stephen Jay},
	Isbn = {039330857X},
	Publisher = {WW Norton \& Company},
	Title = {{Bully for Brontosaurus: Reflections in Natural History}},
	Year = {1992}}

@article{windschitlwells98,
	Author = {Windschitl, P.D. and Wells, G.L.},
	Journal = {Journal of Personality and Social Psychology},
	Number = {6},
	Pages = {1411--1423},
	Title = {{The alternative-outcomes effect}},
	Volume = {75},
	Year = {1998}}

@article{tk74,
	Author = {Amos Tversky and Daniel Kahneman},
	Journal = {Science},
	Number = {4754},
	Pages = {1124--1131},
	Title = {{Judgment under uncertainty: Heuristics and biases}},
	Volume = {185},
	Year = {1974}}

@article{beaverclark03,
	Author = {Beaver, David and Clark, Brady},
	Issn = {0925-854X},
	Journal = {Natural Language Semantics},
	Number = {4},
	Pages = {323--362},
	Publisher = {Springer},
	Title = {{\emph{Always} and \emph{only}: Why not all focus-sensitive operators are alike}},
	Volume = {11},
	Year = {2003}}

@article{zimmermann00,
	Author = {Zimmermann, Thomas Ede},
	Issn = {0925-854X},
	Journal = {Natural Language Semantics},
	Number = {4},
	Pages = {255--290},
	Publisher = {Springer},
	Title = {{Free choice disjunction and epistemic possibility}},
	Volume = {8},
	Year = {2000}}

@article{geurts05,
	Author = {Geurts, Bart},
	Issn = {0925-854X},
	Journal = {Natural Language Semantics},
	Number = {4},
	Pages = {383--410},
	Publisher = {Springer},
	Title = {{Entertaining alternatives: disjunctions as modals}},
	Volume = {13},
	Year = {2005}}

@inproceedings{simons01,
	Author = {Simons, Mandy},
	Booktitle = {Semantics and {L}inguistic {T}heory {(SALT)} 11},
	Pages = {431--448},
	Title = {On the conversational basis of some presuppositions},
	Url = {http://www.hss.cmu.edu/philosophy/simons/simons.SALT2001.pdf},
	Year = {2001},
	Bdsk-Url-1 = {http://www.hss.cmu.edu/philosophy/simons/simons.SALT2001.pdf}}

@inproceedings{simons11,
	Author = {Simons, Mandy and Tonhauser, Judith and Beaver, David and Roberts, Craige},
	Booktitle = {Semantics and {L}inguistic {T}heory {(SALT)} 20},
	Pages = {309--327},
	Title = {What projects and why},
	Url = {http://elanguage.net/journals/index.php/salt/article/view/20.309/1326},
	Year = {2011},
	Bdsk-Url-1 = {http://elanguage.net/journals/index.php/salt/article/view/20.309/1326}}

@incollection{stalnaker74,
	Author = {Stalnaker, Robert},
	Booktitle = {Semantics and Philosophy},
	Editor = {Milton K. Munitz and Peter Unger},
	Pages = {197--213},
	Publisher = {New York: New York University Press},
	Title = {Pragmatic presuppositions},
	Year = {1974}}

@article{bakeretal09,
	Author = {Baker, C.L. and Saxe, R. and Tenenbaum, J.B.},
	Journal = {Cognition},
	Number = {3},
	Pages = {329--349},
	Publisher = {Elsevier},
	Title = {Action understanding as inverse planning},
	Volume = {113},
	Year = {2009}}

@book{chierchia90,
	Author = {Chierchia, G. and McConnell-Ginet, S.},
	Publisher = {The MIT Press},
	Title = {Meaning and grammar: An introduction to semantics},
	Year = {1990}}

@article{karttunen71,
	Author = {Karttunen, L.},
	Journal = {Research on Language and Social Interaction},
	Number = {1},
	Pages = {55--69},
	Publisher = {Taylor \& Francis},
	Title = {Some observations on factivity},
	Volume = {4},
	Year = {1971}}

@article{kuppevelt95,
	Author = {van Kuppevelt, Jan},
	Journal = {Journal of linguistics},
	Number = {01},
	Pages = {109--147},
	Publisher = {Cambridge Univ Press},
	Title = {Discourse structure, topicality and questioning},
	Volume = {31},
	Year = {1995}}

@article{kuppevelt96,
	Author = {van Kuppevelt, Jan},
	Journal = {Linguistics and Philosophy},
	Number = {4},
	Pages = {393--443},
	Publisher = {Springer},
	Title = {Inferring from topics: Scalar implicatures as topic-dependent inferences},
	Volume = {19},
	Year = {1996}}

@article{abusch10,
	Author = {Abusch, D.},
	Doi = {10.1093/jos/ffp009},
	Journal = {Journal of Semantics},
	Number = {1},
	Pages = {37--80},
	Publisher = {Oxford Univ Press},
	Title = {Presupposition triggering from alternatives},
	Volume = {27},
	Year = {2010},
	Bdsk-Url-1 = {http://dx.doi.org/10.1093/jos/ffp009}}

@article{schlenker10,
	Author = {Schlenker, P.},
	Doi = {10.1007/s11098-010-9586-0},
	Journal = {Philosophical Studies},
	Number = {1},
	Pages = {115--142},
	Publisher = {Springer},
	Title = {Local contexts and local meanings},
	Volume = {151},
	Year = {2010},
	Bdsk-Url-1 = {http://dx.doi.org/10.1007/s11098-010-9586-0}}

@article{ginzburg95a,
	Author = {Ginzburg, J.},
	Journal = {Linguistics and Philosophy},
	Number = {5},
	Pages = {459--527},
	Publisher = {Springer},
	Title = {Resolving questions, {I}},
	Volume = {18},
	Year = {1995}}

@article{ginzburg95b,
	Author = {Ginzburg, J.},
	Journal = {Linguistics and Philosophy},
	Number = {6},
	Pages = {567--609},
	Publisher = {Springer},
	Title = {Resolving questions, {II}},
	Volume = {18},
	Year = {1995}}

@article{simons05,
	Author = {Simons, Mandy},
	Issn = {0925-854X},
	Journal = {Natural Language Semantics},
	Number = {3},
	Pages = {271--316},
	Publisher = {Springer},
	Title = {{Dividing things up: The semantics of or and the modal/or interaction}},
	Volume = {13},
	Year = {2005}}

@inproceedings{goodman08,
	Author = {Goodman, Noah D. and Mansinghka, Vikash K. and Roy, Daniel and Bonawitz, Keith and Tenenbaum, Joshua B.},
	Booktitle = {Uncertainty in Artificial Intelligence 2008},
	Title = {Church: A language for generative models},
	Url = {http://stanford.edu/~ngoodman/papers/churchUAI08_rev2.pdf},
	Year = {2008},
	Bdsk-Url-1 = {http://stanford.edu/~ngoodman/papers/churchUAI08_rev2.pdf}}

@article{rothschild11b,
	Author = {Rothschild, Daniel},
	Doi = {10.3765/sp.4.3},
	Journal = {Semantics and Pragmatics},
	Pages = {1--43},
	Title = {Explaining presupposition projection with dynamic semantics},
	Volume = {4},
	Year = {2011},
	Bdsk-Url-1 = {http://dx.doi.org/10.3765/sp.4.3}}

@book{clark96,
	Author = {Clark, H.H.},
	Publisher = {Cambridge University Press Cambridge},
	Title = {Using language},
	Volume = {4},
	Year = {1996}}

@incollection{milch07,
	Author = {Milch, Brian and Marthi, Bhaskara and Russell, Stuart and Sontag, David and Ong, Daniel L. and Kolobov, Andrey},
	Booktitle = {Introduction to statistical relational learning},
	Pages = {373--398},
	Publisher = {The MIT Press},
	Title = {BLOG: Probabilistic Models with Unknown Objects},
	Year = {2007}}

@incollection{clark81,
	Author = {Clark, Herbert H. and Marshall, Catherine R.},
	Booktitle = {In Elements of Discourse Understanding},
	Editor = {Joshi, Aravind K. and Webber, Bonnie L. and Sag, Ivan A.},
	Pages = {10-63},
	Publisher = {Cambridge University Press},
	Title = {Definite reference and mutual knowledge},
	Year = {1981}}

@book{shapiro06,
	Author = {Shapiro, Stewart},
	Publisher = {Clarendon Press},
	Title = {Vagueness in context},
	Year = {2006}}

@article{black37,
	Author = {Black, Max},
	Journal = {Philosophy of science},
	Number = {4},
	Pages = {427--455},
	Publisher = {JSTOR},
	Title = {Vagueness. An exercise in logical analysis},
	Volume = {4},
	Year = {1937}}

@book{beaverclark08,
	Author = {Beaver, David and Clark, Brady},
	Isbn = {1405112646},
	Publisher = {Wiley-Blackwell},
	Title = {{Sense and sensitivity: How focus determines meaning}},
	Year = {2008}}

@article{jacksonpargetter86,
	Author = {Jackson, Frank and Pargetter, Robert},
	Issn = {0031-8108},
	Journal = {The Philosophical Review},
	Number = {2},
	Pages = {233--255},
	Publisher = {JSTOR},
	Title = {{Oughts, options, and actualism}},
	Volume = {95},
	Year = {1986}}

@article{jackson85,
	Author = {Jackson, Frank},
	Issn = {0026-4423},
	Journal = {Mind},
	Number = {374},
	Pages = {177--195},
	Publisher = {Mind Assoc},
	Title = {{On the semantics and logic of obligation}},
	Volume = {94},
	Year = {1985}}
